3232 5130
1334 365 1372 426 61

231 504 449 570 luminositatis
470 502 696 585 pulchritudine
717 502 923 585 respergitur,
953 504 988 565 ut
1009 500 1057 565 sui
1077 498 1205 580 fulgoris
1226 499 1376 565 excellen-

233 607 312 672 ciam
334 607 440 672 oculus
462 606 614 672 humanus
636 605 717 671 ferre
733 610 924 687 non'posset.
958 605 1029 669 Non
1041 605 1254 669 enimvidebit
1266 622 1316 668 me
1329 604 1377 668 in-
1468 684 1472 691 ἦ

235 713 302 793 quit
314 710 465 794 (lllromo
489 715 521 774 et
540 711 631 776 vivet.
661 711 802 791 Denique
817 710 916 775 omnis
930 713 1071 784 creature
1090 708 1191 788 decor,
1206 707 1280 790 quid
1293 707 1377 771 aliud

235 818 283 877 est
304 831 396 893 quam
418 813 574 893 quoddam
596 812 763 893 speculum,
785 812 818 874 in
840 829 901 891 quo
923 811 1035 874 summi
1047 808 1163 891 opificis
1184 811 1301 875 relucet
1311 828 1378 873 rna-

234 905 415 996 gisterium?
437 916 526 993 Quod
548 917 574 979 si
594 916 658 997 lylii
679 921 714 978 ut
736 915 847 980 asseris
871 915 1028 992 decorem,
1058 910 1184 994 eiusque
1206 914 1377 979 indumenti

235 1020 367 1084 nitorem
388 1020 519 1098 miraris,
543 1037 597 1082 cur
609 1039 672 1083 non
686 1019 807 1082 miraris
819 1017 961 1100 lyliorum
977 1016 1157 1081 auctorem?
1178 1017 1210 1082 Si
1230 1024 1378 1084 venustus

236 1128 379 1208 aspectus
402 1141 439 1187 ac
461 1123 606 1187 decenter
629 1127 739 1187 ornata
750 1121 844 1186 facies
860 1122 955 1186 oculis
967 1122 1029 1186 tuis
1045 1119 1209 1186 mundanis
1223 1122 1379 1202 quondam

236 1228 281 1293 sic
303 1227 486 1308 conplacuit,
510 1226 536 1291 0
560 1244 653 1306 quam
675 1226 767 1306 digne
787 1243 844 1306 pre
866 1225 982 1290 cunctis
995 1223 1191 1289 ineffabiliter
1206 1225 1336 1306 pulchra
1348 1230 1381 1290 et

236 1349 293 1414 per
314 1331 483 1396 essenciam
506 1330 618 1393 decora
640 1329 740 1394 cordis
762 1329 856 1394 oculis
877 1329 1020 1411 placebit.
1052 1329 1172 1411 Nempe
1193 1330 1220 1394 si
1236 1333 1321 1394 recte
1333 1329 1380 1393 in·

237 1435 385 1517 spexeris,
409 1438 520 1498 ornata
542 1438 652 1498 cuncta
666 1451 735 1497 cum
749 1433 812 1498 suis
827 1432 1016 1498 ornamentis
1033 1433 1129 1514 ipsius
1140 1438 1212 1498 sunt
1224 1429 1380 1515 preconia,

240 1540 293 1620 qui
315 1538 522 1603 substanciam
545 1555 614 1600 cum
636 1535 794 1622 qualitate
808 1539 840 1600 et
861 1537 970 1601 ceteris
997 1537 1161 1616 generibus
1184 1537 1329 1618 produit
1348 1537 1395 1601 in'

238 1661 315 1708 esse.
350 1642 442 1706 Patet
463 1641 557 1720 igitur
579 1639 662 1720 quod
685 1657 722 1704 ea
743 1658 802 1721 que
824 1644 856 1704 te
877 1640 1022 1705 vanitatis
1043 1644 1190 1722 tempore.
1204 1641 1244 1706 ad
1261 1645 1382 1706 creatu·

237 1765 304 1811 ram
317 1744 501 1828 (2)trahere
523 1743 679 1821 solebant,
708 1743 828 1824 pocius,
844 1742 884 1807 ad
912 1743 1023 1808 horum
1053 1745 1189 1808 omnium
1211 1734 1383 1821 creatorem

238 1849 362 1915 trahere
374 1849 534 1927 debebant,
548 1845 663 1929 absque
675 1865 711 1911 eo
724 1848 806 1928 quod
815 1848 998 1912 intrinsecus
1012 1847 1097 1922 latet.
1120 1847 1381 1915 DISCIPULUS:

238 1953 282 2031 Et
303 1952 377 2033 quid
400 1956 447 2016 est
461 1952 520 2016 hoc
532 1952 580 2034 (3)
592 1951 676 2032 quod
689 1952 873 2016 intrinsecus
887 1951 986 2015 latet?
1007 1950 1238 2016 SAPIENOIA:
1262 1953 1384 2035 Simpli-

241 2057 361 2123 cissime
384 2055 520 2119 essencie
540 2073 608 2118 mee
633 2055 851 2119 iocundissima
878 2055 971 2133 visio,
1002 2055 1384 2134 supersubstancianssime

241 2159 411 2225 divinitatis
425 2147 501 2221 ¹mee
523 2154 688 2238 peroptata
709 2156 826 2235 fruicio,
840 2156 1073 2220 interminabilis
1086 2158 1149 2220 vite
1169 2162 1237 2221 tota
1248 2158 1339 2222 simul
1352 2161 1384 2222 et
1472 2201 1479 2209 ,

240 2263 378 2345 perfecta
398 2260 562 2343 possessio.
595 2260 636 2324 Jn
657 2259 716 2322 hi'm
739 2259 820 2322 enim
842 2260 958 2324 cunctis
980 2260 1141 2323 beatorum
1152 2261 1316 2341 spirituum
1331 2279 1385 2342 ag-
1421 2292 1436 2315 ι

242 2366 376 2431 minibus
397 2369 487 2429 tanta
508 2363 600 2427 datur
621 2362 802 2441 iocunditas
825 2367 914 2426 tanta
935 2362 1117 2443 gaudiorum
1138 2365 1269 2429 materia
1289 2365 1385 2445 gemi-

174 2495 177 2502 ·
243 2473 346 2547 natur,
369 2472 470 2553 utpre
481 2466 594 2531 amoris
605 2465 817 2546 magnitudine
827 2470 859 2529 et
873 2465 1071 2531 exultacionis
1084 2466 1290 2550 inmensitate,
1302 2470 1386 2555 mille

229 2633 231 2637 ,
244 2575 317 2639 anni
327 2574 389 2638 sint
400 2576 472 2639 ante
480 2571 583 2636 oculos
596 2588 702 2658 eorum
712 2573 870 2651 tamquam
880 2569 944 2648 dies
955 2570 1101 2634 hesterna
1111 2589 1170 2652 que
1180 2574 1339 2658 preteriit(
1361 2574 1385 2658 ).

245 2677 401 2759 Siquidem
423 2680 490 2740 tota
512 2674 633 2739 celestis
654 2672 840 2754 frequencia,
863 2674 1006 2738 continue
1019 2693 1147 2741 cernens
1160 2680 1208 2742 tot
1225 2678 1385 2759 mirabilia,

243 2799 385 2863 novaque
392 2780 552 2844 audientes
561 2777 608 2862 (5)
618 2778 746 2856 cantica,
755 2777 859 2842 oculos
866 2778 1194 2859 iugiterinmedefixos
1204 2781 1319 2847 habent
1326 2776 1386 2866 (d),

246 2886 337 2951 Stant
359 2884 515 2966 suspensis
538 2883 686 2961 vudtibus,
718 2886 749 2945 et
775 2882 915 2947 cordibus
937 2901 1042 2948 amore
1062 2883 1263 2966 flagrantibus
1284 2887 1317 2951 in
1337 2902 1388 2952 me

244 2990 419 3055 intendunt
450 2987 550 3052 Pedes
567 2987 686 3067 „habent
709 2986 847 3066 obliquos
870 2988 956 3068 quasi
979 2988 1018 3052 ad
1030 2989 1229 3054 iubilandum.
1263 2982 1388 3056 Faciem
1483 3058 1486 3062 ,

244 3093 413 3158 revelatam
435 3091 475 3155 ad
497 3090 766 3172 contemplandum
780 3089 838 3173 (7).
872 3090 981 3172 Sicque
999 3111 1121 3157 sursum
1134 3095 1228 3160 eorda
1240 3094 1390 3176 levantes,

242 3195 374 3276 ,inhyant
396 3214 449 3259 ore
471 3195 571 3259 cordis
589 3194 706 3275 pariter
718 3195 750 3256 in
763 3189 898 3274 supern'a
911 3192 1027 3260 fluenta
1040 3194 1133 3262 fontis
1147 3199 1219 3262 vite.
1254 3198 1280 3262 0
1295 3218 1389 3286 quam

246 3300 358 3364 beatus
380 3297 433 3378 qui
453 3297 525 3360 huic
539 3295 712 3363 felicissime
723 3295 905 3361 iucunditati
919 3303 951 3362 et
964 3300 1178 3373 iocundissima
1193 3301 1331 3366 felicitati
1341 3303 1389 3366 in-

246 3408 364 3481 teresse
377 3401 540 3465 meruerit:
558 3400 616 3477 Qui
630 3400 731 3465 choris
745 3400 886 3463 intererit
904 3402 1061 3466 celestium
1075 3405 1256 3485 puellarum,
1272 3423 1332 3487 que
1340 3404 1388 3487 (8)

145 3510 147 3514 ‘
246 3522 366 3576 mecum
389 3503 515 3568 choreas
539 3503 740 3569 ducentes·in
762 3503 924 3568 celestibus
942 3505 1146 3571 iocundantur
1160 3491 1305 3571 feliciter:
1329 3507 1395 3573 Ubi·

247 3608 358 3677 chorus
368 3612 506 3672 sacratus
520 3608 673 3689 virginum
687 3612 759 3689 post
771 3625 822 3670 me
837 3611 981 3672 canentes
993 3609 1151 3689 cursitant,
1158 3628 1333 3692 ymnosque
1340 3610 1390 3693 (9)

248 3713 351 3778 dulces
372 3715 550 3793 personant
583 3712 632 3777 En
653 3712 777 3775 unicum
800 3710 914 3775 amoris
935 3711 1063 3776 verbum
1085 3712 1123 3776 de
1144 3713 1240 3779 labiis·
1253 3716 1391 3782 caritatis
1512 3733 1523 3752 ··

247 3834 316 3881 mee
328 3815 398 3899 (10)
410 3811 568 3895 egressvim
590 3815 630 3878 ad
653 3833 705 3878 cor
718 3812 903 3895 amorosum,
919 3816 1055 3880 omnium
1068 3821 1194 3899 superat
1211 3819 1391 3900 angelorum

314 3987 348 4056 (1)
371 3992 511 4050 DPenim
532 3992 623 4066 inquit
644 3991 753 4050 videbit
775 4009 821 4050 ma
858 3984 913 4051 CM
927 3995 1001 4052 enim
1024 3993 1132 4053 videbit
1152 4013 1208 4056 me.
1230 3997 1327 4056 Eaed.
1342 3998 1392 4068 33,

248 4082 299 4137 20.
319 4074 419 4142 -⁴(2)
442 4078 622 4136 Lcreaturas
637 4072 736 4141 —-(3)
751 4078 815 4138 vhoc
839 4096 887 4138 om
909 4079 1056 4138 BDM-
1078 4075 1112 4144 (l)
1134 4082 1216 4140 Paal.
1238 4084 1288 4155 89,
1309 4085 1393 4160 4.-

249 4161 282 4229 (5)
305 4165 355 4246 BF
367 4166 487 4224 audiens
499 4198 544 4208 -
564 4160 599 4228 ,(6)
622 4164 761 4240 Biugiter
782 4168 810 4223 in
833 4183 879 4225 me
894 4166 1003 4224 defixos
1017 4166 1107 4226 babet
1142 4167 1280 4244 Liugiter
1300 4170 1327 4227 in
1346 4187 1392 4230 me

248 4251 358 4311 babent
378 4252 486 4311 defixos
530 4251 619 4310 CPin
641 4269 687 4310 me
709 4254 811 4327 iugiter
833 4252 942 4312 defixos
963 4252 1073 4312 habent
1121 4253 1153 4313 Μ
1165 4244 1194 4313 in
1216 4273 1262 4314 me
1284 4255 1392 4317 defixos

249 4339 351 4414 iugiter
363 4338 473 4398 habent
485 4372 529 4381 —
543 4334 577 4401 (7)
603 4337 669 4397 Oor.
681 4339 724 4410 11,
738 4341 772 4410 ,3,
794 4340 839 4397 18.
853 4372 897 4381 -
911 4334 945 4402 (8)
968 4337 1078 4398 ADGJ
1088 4342 1153 4420 qui;
1166 4358 1238 4403 enoc
1259 4342 1394 4404 Lcoreaa

248 4455 293 4467 —
314 4419 348 4487 (9)
370 4424 662 4503 AEJLympnoaque
682 4458 734 4490 -,
748 4421 799 4489 (10)
823 4424 871 4484 GP
882 4442 946 4485 mcc
967 4427 1093 4487 caritatis
