3232 5130
239 489 280 548 38

242 640 313 687 men
335 622 412 686 latet
424 622 472 705 (1)
485 622 569 703 quod
589 623 740 687 mordeat.
773 624 816 688 Et
836 624 863 689 si
884 623 979 689 111111
997 640 1125 689 sermus
1141 624 1292 702 videatm,
1313 622 1381 687 infi-

239 727 304 791 nita
325 730 429 790 tamen
451 731 613 791 occurrent
635 745 695 809 que
710 729 844 792 animam
856 729 1000 793 miseram
1010 729 1124 809 iugiter
1133 727 1280 809 affligant.
1309 727 1381 791 Heu

238 828 300 894 heu
322 828 479 911 deceptrix
492 829 557 912 (2),
592 835 709 911 quanta
729 831 821 895 michi
841 831 873 895 in
901 831 992 896 inicio
1013 833 1196 913 promisisti,
1228 832 1302 897 dum
1330 849 1381 894 me

239 933 380 1013 decipere
402 934 534 998 voluisti.
567 934 715 999 Dulcibus
738 934 858 1013 littorio,
882 936 1058 1017 crebrisque
1079 936 1267 1001 munusculis
1287 934 1380 998 michi

238 1037 364 1102 insidias
386 1039 524 1119 posuisti.
559 1038 669 1103 Verbis
692 1039 879 1103 suavissimis
902 1039 996 1103 etad
1024 1039 1218 1104 alliciendum
1240 1039 1381 1120 conposi-

238 1143 295 1222 tis,
317 1142 409 1207 velud
431 1124 757 1224 syreuamm'vocibus
780 1140 1014 1224 fistularumque
1036 1143 1217 1208 dulcissimis
1240 1142 1379 1207 modula-

238 1247 373 1311 cionibus
395 1264 519 1310 sensum
543 1246 635 1310 michi
663 1246 832 1323 abstulisti;
867 1245 955 1310 vultu
976 1247 1149 1311 meretricio
1165 1247 1230 1329 (3),
1253 1250 1380 1327 gutture

237 1350 362 1429 nitenti,
396 1349 630 1432 ridentibusque
661 1350 755 1415 oculis
778 1368 832 1415 cor
852 1350 939 1415 stulti
960 1348 1149 1415 transfixisti.
1182 1349 1304 1431 Aquam
1325 1369 1379 1432 pe-

237 1456 330 1533 tenti,
360 1459 462 1519 utrem
491 1473 560 1519 cum
588 1455 668 1525 lacte
689 1454 851 1536 apervisti,
886 1458 919 1517 et
938 1472 989 1518 me
1011 1454 1094 1519 dulci
1115 1455 1216 1519 toxico
1238 1460 1270 1520 et
1291 1455 1379 1518 suavi

237 1559 389 1623 absinthio
402 1559 449 1640 (4)
460 1559 629 1623 inebriasti.
662 1559 799 1622 Pomella
819 1556 949 1639 pulchra
971 1562 1003 1621 et
1023 1559 1129 1623 suavia
1151 1560 1190 1624 ob
1200 1560 1297 1625 solam
1307 1578 1379 1640 gra-

236 1663 398 1726 titudinem
419 1661 570 1742 fugiencia
583 1662 652 1744 (5),
675 1680 770 1725 manu
791 1662 918 1742 propria
941 1662 1112 1726 exhibuisti.
1145 1663 1245 1727 Rosas
1266 1662 1306 1727 de
1327 1682 1378 1728 ro-

236 1767 317 1831 sario
338 1784 396 1847 pro
418 1783 546 1837 munere
569 1766 691 1829 dedisti.
729 1765 909 1846 durastique
938 1764 1040 1829 valide
1069 1764 1153 1847 quod
1180 1784 1231 1830 me
1258 1785 1378 1832 summe

236 1869 395 1950 diligeres,
429 1887 487 1932 nec
507 1887 655 1950 umquam
676 1869 768 1933 miehi
780 1869 828 1951 (6)
843 1869 912 1933 letis
942 1869 1132 1934 successibus
1160 1872 1378 1953 prosperisque

237 1974 395 2038 eventibus
418 1971 548 2037 deficere
569 1973 673 2036 velles.
708 1973 734 2038 Ο
758 1972 868 2037 callida
881 1972 929 2054 (l)
941 1973 1111 2054 vulpecula,
1135 1974 1378 2056 Oviperavene-

236 2082 319 2142 nata.
353 2077 433 2150 Ecce
455 2076 514 2140 hiis
537 2064 665 2157 aliisque
686 2076 855 2141 innumeris
877 2075 963 2141 falsis
984 2077 1143 2142 blandiciis
1164 2096 1214 2141 me
1224 2079 1378 2144 irretitum

236 2184 308 2263 post
329 2185 362 2245 te
383 2180 415 2243 in
436 2185 569 2244 mortem
581 2181 733 2258 traxisti,
757 2181 837 2246 sicut
860 2199 928 2245 cum
952 2181 1002 2245 ovi
1022 2199 1127 2246 ramus
1148 2181 1253 2246 viridis
1265 2180 1378 2247 *osteu-

236 2286 335 2364 ditur,
359 2288 391 2349 et
411 2283 453 2348 ad
473 2289 605 2349 mortem
626 2285 690 2349 leta
711 2285 910 2366 gaudensque
927 2285 1117 2366 perducitur.
1158 2285 1185 2350 0
1213 2284 1279 2349 iera
1306 2304 1377 2368 pes·

235 2391 327 2468 sima,
351 2388 378 2453 0
399 2388 498 2453 bestia
519 2384 646 2453 ouenta
658 2388 723 2472 (8):
757 2389 848 2454 Nunc
869 2389 981 2470 pungis
1003 2389 1168 2453 crudeliter
1190 2408 1281 2471 quem
1301 2391 1378 2456 leni-

234 2498 284 2558 ter
295 2493 343 2576 (9)
354 2493 478 2572 unxisti,
502 2493 649 2577 atrociter
663 2493 762 2557 allidis
777 2510 869 2574 quem
890 2493 1081 2576 leviter(10)
1093 2494 1229 2559 elevasti.
1262 2495 1377 2561 Vocem

235 2613 344 2678 syrene
365 2596 512 2676 similans,
535 2597 675 2661 aculeum
696 2602 729 2661 te
750 2597 865 2662 babere
886 2597 1003 2678 prodis.
1036 2597 1079 2660 Et
1091 2615 1160 2662 ecce
1172 2599 1275 2662 omnia
1287 2619 1377 2664 versa

234 2705 307 2766 sunt
327 2701 585 2765 in'contrarium.
626 2702 709 2765 Dum
738 2702 770 2764 in
799 2702 869 2765 sinu
897 2705 952 2764 tuo
979 2719 1030 2763 me
1056 2701 1156 2765 tucius
1184 2704 1376 2782 requiescere

234 2810 326 2885 puto,
351 2804 453 2886 capilli
475 2805 767 2888 absciduntur(ll),
792 2805 871 2868 oculi
894 2808 1060 2880 eruuntur3
1093 2804 1210 2868 recedit
1231 2790 1385 2887 spiritus,

235 2910 330 2972 robur
350 2909 478 2987 tollitur,
503 2914 535 2973 et
555 2909 748 2972 inimicorum
769 2908 879 2988 gladiis
902 2908 1027 2977 inermis
1050 2909 1205 2973 occumbo.
1239 2909 1305 2974 Hec
1326 2930 1376 2976 re-

208 3014 212 3021 '
236 3012 346 3090 colens,
369 3012 426 3076 hec
447 3017 551 3077 mente
567 3017 772 3094 pertractans,
795 3002 1019 3093 inmemetipso
1030 3030 1194 3091 marcesco,
1216 3012 1376 3097 iactusque

235 3134 304 3180 sum
325 3115 417 3179 michi
439 3117 562 3197 metipsi
584 3117 696 3197 gravis.
737 3116 823 3181 Felix
844 3115 974 3197 proinde
996 3117 1114 3195 11111111,
1136 3117 1244 3198 regina
1264 3120 1375 3184 merito

236 3219 414 3285 diviciarum
436 3221 661 3302 nuncupanda,
690 3239 783 3302 quam
806 3221 905 3285 aliena
926 3219 1128 3285 reddidenmt
1147 3223 1283 3303 pericula
1304 3242 1376 3289 cau-

234 3328 308 3402 tam,
332 3343 391 3404 que
413 3343 501 3388 suam
514 3324 707 3407 (12)mentis
730 3329 762 3389 et
784 3325 920 3406 corporis
943 3326 1076 3389 servavit
1096 3326 1313 3390 innocenciam.
1348 3328 1375 3393 Ο

234 3432 351 3509 quanta
371 3428 517 3492 felicitate
547 3429 617 3493 talis
648 3430 744 3493 eciam
773 3430 912 3494 nesciens
934 3428 1111 3510 perfruitur.
1149 3430 1291 3496 Gaudeat
1311 3433 1376 3497 vita

233 3550 328 3612 pura,
351 3532 466 3615 letetur
487 3537 519 3596 et
541 3534 644 3598 anima
666 3552 685 3597 a
707 3534 964 3615 concupiscenciis
985 3534 1150 3598 mundanis
1167 3535 1275 3614 aliena,
1299 3556 1375 3617 quo-

232 3636 316 3700 niam
337 3654 460 3717 semper
479 3637 631 3718 presumit
646 3655 719 3702 seva
734 3637 918 3701 conturbata
941 3637 1139 3701 consciencia.
1172 3637 1238 3702 Hec
1248 3640 1374 3721 plumbo

231 3741 367 3822 gravior,
401 3739 490 3805 leone
511 3739 643 3804 ferocior
656 3740 743 3823 (13),
777 3722 913 3805 tonitruo
936 3741 1116 3819 terribilior,
1140 3743 1374 3826 absinthio(14)

232 3844 367 3908 amarior
388 3862 455 3909 esse
479 3844 696 3926 conprobatur.
738 3844 939 3928 Hic(15)est
959 3845 1072 3908 vermis
1098 3844 1246 3909 interiora
1271 3864 1375 3911 corro-

297 4016 331 4082 (Ῑ)
355 4020 402 4079 GP
415 4021 485 4080 latet
506 4020 602 4080 tamen
631 4055 675 4064 -
697 4017 730 4083 (ῗ)
754 4023 859 4080 Badd
877 4021 968 4097 gloria
996 4022 1095 4080 mundi
1120 4056 1164 4065 —
1186 4019 1220 4085 (3)
1242 4023 1373 4081 BDELP

230 4109 396 4164 meretriceo
411 4140 455 4149 -
470 4103 503 4171 (4)
527 4107 679 4166 CEFGHJ
692 4109 842 4166 absintheo
856 4141 900 4150 -
914 4104 947 4171 (5)
964 4109 1059 4167 BCJP
1070 4108 1211 4184 fulgeucia
1223 4141 1267 4150 —
1282 4105 1315 4170 (6)
1327 4109 1373 4167 JL

230 4207 284 4249 nec
299 4193 384 4251 michi
397 4211 533 4267 umquam
559 4195 613 4253 BD
626 4211 678 4253 nec
694 4213 830 4270 umquam
843 4229 887 4238 -
899 4191 933 4259 (7)
955 4194 980 4253 Ε
994 4194 1085 4253 calida
1099 4227 1142 4236 —
1156 4189 1189 4255 (8)
1205 4192 1373 4252 ACDEGH

230 4287 376 4337 cruentata
390 4311 434 4322 —-
449 4275 482 4342 (9)
499 4279 612 4338 ACEM
623 4282 723 4340 leviter
751 4281 775 4338 L
787 4282 873 4357 levis3
887 4300 959 4342 moa
973 4280 1051 4339 BJM
1063 4282 1262 4338 attrociter-
1284 4275 1333 4343 (10)
1347 4279 1372 4338 L

228 4360 300 4420 lavis
342 4364 421 4424 FGP
443 4365 558 4442 leniter;
581 4386 652 4427 moa·
672 4366 698 4426 L
716 4366 818 4427 levasti
839 4400 884 4410 —
906 4364 957 4431 (11)
980 4364 1148 4427 Anulum
1168 4364 1373 4424 abscinduntur

226 4443 350 4594 ὦγϋῖ),
366 4450 422 4520 ΑΙ)
438 4469 490 4512 sue
511 4485 555 4520 ÷
578 4446 630 4518 (13)
653 4451 783 4514 BCDGJ
797 4455 900 4514 sorcior
921 4487 964 4496 —-
986 4448 1037 4514 (14)
1059 4450 1144 4512 FGH
1157 4452 1307 4513 absintheo
1329 4488 1372 4499 --

253 4562 261 4579 .
300 4533 378 4593 ACP
388 4537 451 4596 Hac
1051 4534 1054 4561 ⁷
1104 4548 1107 4553 '
1309 4566 1312 4570 ·
