3000 5196
228 363 270 424 28

227 496 359 563 delicata
379 500 512 561 mortem
525 495 723 561 horrendoin
744 495 809 562 eim
820 495 980 578 presencia
990 498 1065 561 tunc
1073 496 1236 577 persensit.
1259 495 1376 562 Postea

227 603 378 664 venerunt
398 597 453 663 filii
474 601 672 666 tenebramm
694 599 862 678 hostiliter,
885 599 938 681 qui
958 617 1009 663 me
1031 598 1195 665 durissime
1215 601 1374 681 captivan-

226 707 275 770 tes
297 708 329 768 et
351 704 576 787 crudeliter(l)
590 704 722 784 ligantes
744 703 785 768 ad
813 703 968 768 1111111111
996 703 1195 768 reduxerunt.
1240 703 1375 770 Noctem

227 807 313 873 illam
333 808 474 889 sacrilegi
485 808 612 875 diversis
626 807 848 890 suppliciorum
859 808 1023 889 generibus
1037 809 1070 872 in
1083 825 1134 873 me
1148 808 1373 890 expenderunt,

229 915 262 977 et
283 930 317 976 se
338 912 426 993 penis
447 913 524 978 meis
545 912 708 991 sociantes,
730 911 870 976 ludibriis
884 915 916 976 et
928 911 1117 992 verberibus,
1138 912 1258 977 iniuriis
1272 915 1305 975 et
1318 912 1374 976 ob·

228 1015 360 1098 probriis
369 1016 537 1081 innumeris
547 1034 598 1081 me
608 1013 792 1079 afflixerunt.
817 1014 941 1080 Faciem
952 1032 1053 1078 meam
1064 1015 1228 1079 amabilem
1239 1015 1376 1096 turpiter

229 1119 448 1201 conspuebant,
471 1120 575 1186 ocdos
596 1119 751 1199 celabant,
773 1118 886 1185 collum
908 1136 978 1182 cum
1000 1118 1242 1183 subsannaeione
1263 1136 1375 1200 peren-

229 1223 359 1288 ciebant.
395 1223 490 1289 Mane
501 1224 549 1307 (l)
561 1223 643 1289 facto
665 1223 697 1286 in
719 1223 799 1288 atrio
810 1221 936 1305 Cayphe
949 1222 1113 1286 veritatem
1129 1219 1324 1304 confitendo(
1347 1221 1372 1303 l,

228 1346 317 1393 reum
337 1328 447 1394 mortis
459 1347 519 1394 ‘me
541 1346 609 1394 esse
631 1327 873 1393 conclamabant.
907 1326 1058 1391 Maternis
1072 1344 1195 1408 quoqne
1208 1325 1377 1391 visceribus

228 1430 297 1512 ipsa
318 1449 379 1512 que
399 1450 450 1496 me
471 1433 588 1513 genuit,
611 1450 705 1513 snper
718 1449 768 1495 me
781 1431 888 1510 doluit,
908 1434 940 1495 et
953 1429 1228 1495 irremediabilibus
1242 1428 1378 1494 lacrimis

229 1531 313 1600 flevit
324 1533 384 1618 (4),
408 1553 477 1599 cum
498 1553 549 1599 me
570 1536 603 1600 in
625 1535 720 1600 tantis
743 1535 915 1616 obprobriis
930 1538 963 1598 et
976 1533 1127 1614 angustiis
1142 1532 1278 1613 positum
1288 1532 1377 1599 vidit.

229 1639 350 1703 Deinde
372 1643 446 1703 ante
467 1634 623 1721 presidem
644 1639 787 1722 Pylatum
815 1637 859 1703 fui
888 1638 1066 1721 adductus(
1088 1638 1119 1719 l,
1142 1640 1314 1716 accusatus,
1328 1634 1378 1718 (6)

231 1744 484 1824 condempnatus.
526 1744 651 1809 Jnimici
670 1743 732 1807 mei
753 1742 940 1808 terribilibus
962 1742 1058 1809 oculis
1080 1760 1131 1806 me
1160 1740 1378 1818 intuebantur,

231 1851 264 1911 et
283 1851 443 1929 tamquam
464 1853 613 1930 gygantes
635 1852 789 1933 steterumt
811 1852 920 1914 contra
939 1865 999 1919 me.
1054 1847 1122 1927 Ego
1151 1850 1257 1910 autem
1290 1862 1379 1909 man·

230 1934 325 2017 11111
336 1951 384 2034 (t)
395 1956 554 2033 tamquam
568 1971 667 2034 agnus
680 1956 866 2025 mansuetus
874 1951 923 2035 (8)
931 1952 985 2033 qui
997 1955 1142 2032 portatur
1155 1950 1195 2014 ad
1208 1949 1377 2026 victimam,

230 2056 352 2122 stabam
381 2056 514 2143 demisso
525 2056 574 2140 (9)
585 2057 703 2138 capite,
732 2056 961 2139 pudentissimo
991 2055 1094 2119 corde.
1146 2053 1222 2119 Post
1250 2051 1309 2116 hec
1338 2051 1398 2115 ab·

138 2248 140 2252 ,
230 2159 355 2225 Η11111
376 2161 447 2227 alba
467 2165 554 2227 vaste
574 2161 711 2239 indutus,
734 2164 893 2242 tamquam
914 2158 1018 2223 fatuus
1040 2159 1148 2223 illusus
1169 2157 1223 2223 fui.
1259 2155 1379 2236 Corpus

229 2282 334 2329 meum
354 2263 523 2330 formosum
543 2263 673 2346 flagellis
688 2265 848 2330 acerrimis
860 2263 1115 2341 verberaverunt,
1138 2264 1232 2343 caput
1243 2259 1314 2344 (10)
1325 2259 1380 2324 de-

229 2369 357 2433 licatum
378 2369 473 2450 spinis
494 2369 702 2455 pungentibus
731 2367 982 2450 perforaverunt3
1013 2365 1108 2430 iacies
1137 2382 1208 2429 mea
1237 2362 1378 2428 amabilia

232 2473 331 2555 sputis
353 2477 385 2536 et
406 2468 560 2555 sanguine
585 2471 739 2537 defluente
762 2471 916 2538 sordebat.
950 2470 993 2537 Et
1015 2470 1059 2534 sic
1075 2468 1202 2534 tandem
1215 2467 1381 2548 condemp

232 2581 340 2642 natum
352 2578 567 2653 miserabiliter
575 2594 668 2647 ,11111
683 2576 819 2640 humeris
831 2574 964 2656 propriis
987 2574 1192 2656 superposita,
1216 2572 1256 2636 ad
1277 2571 1379 2636 locum

232 2680 374 2763 supplicii
396 2682 584 2758 eduxerunt,
615 2662 789 2770 1111111111·
811 2678 965 2743 valenter:
996 2677 1082 2742 Tolle
1112 2677 1205 2754 tolle,
1237 2672 1380 2754 crucifige

231 2783 414 2874 maleficum.
443 2776 705 2850 DISCIPULUS:
724 2782 751 2848 0
766 2800 887 2847 summa
899 2782 1008 2863 pietas
1023 2782 1124 2846 sitam
1136 2799 1243 2845 amara
1253 2778 1313 2844 fuit
1327 2783 1380 2842 tue

215 2888 385 2970 passionis
413 2887 586 2967 mehoacio,
619 2888 680 2952 heu
710 2887 808 2969 qualis
831 2885 972 2969 orit(ll)
986 2886 1066 2949 tanti
1089 2884 1203 2949 doloris
1220 2883 1326 2947 exitus
1349 2884 1381 2944 et

233 2993 437 3057 consumatio.
482 2992 604 3057 Revera
616 2990 686 3074 (12)
703 2990 816 3055 animal
845 2989 1028 3055 irrationale
1056 2994 1121 3052 tam
1151 2987 1287 3052 crudelia
1314 2984 1381 3066 pati

234 3100 317 3162 esset
337 3095 431 3160 michi
452 3096 557 3160 1111111
586 3096 726 3160 miseria:
758 3095 973 3177 quantomagis
994 3098 1026 3157 te
1049 3092 1186 3156 omnium
1209 3094 1380 3155 creatorem

234 3204 266 3265 ct
286 3201 544 3282 speciosissimum
566 3201 721 3265 hominem
743 3201 896 3265 sustinere
917 3203 982 3261 tam
1004 3197 1140 3261 inmania
1169 3199 1325 3260 tormenta
1346 3196 1379 3257 et

234 3305 394 3387 supplicia.
432 3304 545 3370 Merito
562 3305 692 3386 proinde
714 3323 751 3369 ex
772 3304 880 3369 intimo
902 3302 1003 3367 cordis
1026 3300 1138 3365 affectu
1161 3304 1193 3364 ct
1213 3298 1380 3378 totis'pre-

171 3476 176 3485 ,
233 3409 345 3475 cordiis
364 3410 444 3483 meis
468 3410 667 3491 compaciatur
687 3409 743 3474 tibi
765 3409 868 3472 anima
888 3424 967 3470 1111.
1001 3405 1172 3470 Sedunum
1195 3407 1244 3468 est
1265 3401 1381 3484 quoda

232 3518 266 3578 te
286 3514 365 3578 scire
387 3514 476 3596 cupio
489 3514 569 3597 (13),
592 3514 631 3578 de
653 3534 713 3596 quo
736 3514 832 3577 eciam
854 3529 917 3597 non
936 3509 1041 3573 desino
1056 3507 1176 3571 mirari.
1211 3507 1292 3571 Ecce
1306 3520 1381 3586 que·

233 3616 315 3683 renti
336 3618 428 3682 michi
449 3622 535 3682 tuam
558 3619 766 3695 divinitatem,
798 3596 934 3680 ostendis
963 3613 1207 3689 humanitatam3
1240 3605 1381 3690 querenti

234 3721 436 3802 dulcedinem,
466 3723 585 3804 profers
608 3723 864 3798 amaritudinem,
894 3718 1013 3800 petenti
1042 3715 1194 3780 mamillas
1202 3713 1277 3798 (14)
1291 3727 1382 3791 auge·

233 3844 283 3906 re,
315 3827 370 3892 das
392 3827 519 3891 robusta
540 3827 710 3891 certamina
732 3826 901 3889 decertare.
947 3821 973 3887 O
996 3825 1104 3886 eterna
1125 3817 1295 3900 sapiencia,
1328 3832 1383 3878 cur

300 3999 334 4067 (ll
358 4003 405 4062 GP
416 4002 612 4063 erudelissima
633 4036 677 4044 —
700 3996 734 4066 (-)
756 4000 777 4060 J
789 4001 851 4059 add
871 4007 967 4058 autem
984 4031 1028 4040 —-
1051 3993 1084 4061 t3)
1108 3995 1131 4054 O
1143 3992 1325 4053 confitentem
1338 4021 1383 4032 —

235 4083 268 4154 (4)
286 4090 356 4150 Tob.
367 4095 415 4164 10,
429 4094 458 4148 4.
476 4122 520 4132 --
532 4086 564 4154 (5)
579 4089 655 4147 Dad
678 4079 1067 4163 1111111111-1111111-(6)
1090 4079 1201 4139 ADJM
1217 4079 1279 4137 add
1300 4082 1383 4135 et—

235 4171 268 4241 (7)
291 4184 448 4238 mansueta
470 4194 519 4234 om
541 4176 563 4235 C
585 4209 630 4218 —
659 4170 692 4239 (8)
716 4181 890 4233 mansuetus
913 4189 961 4229 om
982 4171 1024 4229 M.
1064 4169 1175 4227 Jerem.
1195 4169 1243 4238 ll,
1272 4167 1317 4224 19.
1339 4196 1383 4204 -

235 4257 270 4326 (9)
290 4264 424 4325 ADFGJ
436 4264 553 4323 dimisae
575 4274 619 4305 -ὲ
642 4257 693 4325 (10)
716 4260 847 4336 Lcapud
889 4257 948 4316 EM
960 4263 1046 4330 caput
1073 4271 1169 4313 meum
1197 4245 1383 4314 —(11)EJ

236 4356 299 4409 erat
324 4383 369 4395 -··
390 4345 444 4415 (12)
463 4349 566 4409 Eodd
587 4339 672 4408 enim.
701 4348 776 4408 Mor
799 4341 1081 4406 OFPirracionabile
1102 4373 1147 4383 -
1169 4333 1219 4403 (13)
1244 4337 1292 4396 GP
1306 4335 1384 4396 deai-

236 4434 304 4497 dero
325 4469 370 4480 -
391 4429 443 4500 (14)
464 4435 702 4497 EJmammillas.
747 4435 822 4495 Mox
843 4431 1008 4508 Asuggcra
1050 4424 1258 4504 Mauggandas
