3232 5130
307 345 348 407 66

306 478 412 562 quenti
429 475 559 544 effectus
572 477 915 562 (1)predcstinocionis,
943 476 1085 546 effectum
1105 478 1244 562 requirat
1262 476 1447 545 dileccionis.

305 582 396 648 Unde
417 581 483 647 sine
502 582 671 665 preiudicio
693 582 830 648 omnium
851 587 1025 650 ceterorum
1036 582 1084 668 (2)
1097 583 1287 664 amancium,
1314 582 1374 648 hoc
1394 580 1448 647 fir·

305 686 541 765 miter‘teneas,
571 695 624 750 mc¹
642 685 724 751 circa
744 691 777 752 te
799 687 881 752 omni
903 689 1042 770 tempore
1064 687 1194 751 ethera
1218 691 1283 750 tam
1305 703 1448 751 amorosc

304 807 373 855 esse
393 789 554 868 intentum,
577 799 614 854 ac
634 789 662 855 11
682 790 801 854 cunctis
822 791 1002 873 postpositis
1027 790 1083 855 tibi
1098 790 1156 855 soli
1174 808 1326 868 vacarem,
1349 793 1385 852 ut
1396 789 1446 878 (3)

303 893 403 958 emori
429 898 484 958 tuo
512 893 709 974 singulariter
736 894 964 975 responderem.
1004 892 1265 959 DISCIPULUS:
1295 893 1383 959 Felix
1396 892 1447 977 (4)

303 1014 405 1063 sermo
420 1001 453 1061 et
465 997 548 1062 omni
561 998 741 1078 accepcione
754 998 950 1078 dignissimus
961 996 1020 1080 (5).
1050 996 1141 1062 Nunc
1154 998 1258 1062 anima
1275 1014 1347 1062 mea
1359 1015 1448 1079 mag·

303 1099 427 1167 nificata
447 1105 495 1167 est
514 1119 570 1182 pre
592 1100 732 1166 omnibus
754 1100 860 1166 diebus
881 1101 944 1166 vite
971 1119 1040 1166 mee
1051 1100 1111 1184 (6).
1146 1101 1353 1179 Quamobrem
1382 1118 1449 1166 una

303 1223 424 1287 mecum
444 1204 627 1270 iocundetur
647 1204 798 1286 simulque
820 1204 1012 1286 congaudeat
1041 1209 1073 1270 et
1100 1205 1331 1286 congratuletur
1363 1203 1448 1270 orbis

302 1299 387 1374 terre
409 1309 441 1372 et
461 1307 620 1389 plenitudo
642 1309 707 1373 eius
729 1327 787 1389 pro
803 1302 906 1372 dilecti
920 1311 985 1372 tam
998 1308 1050 1389 pio
1063 1300 1168 1372 amore
1183 1312 1293 1372 ettam
1306 1308 1448 1373 inmensa

303 1416 336 1477 et
357 1411 484 1494 optabili
505 1411 680 1476 dileccione.
713 1411 781 1494 Eya
801 1411 912 1476 dilecte
933 1416 1123 1494 my,·averte
1144 1411 1249 1477 oculos
1263 1413 1371 1478 tuos'a
1384 1429 1446 1492 me,

227 1538 229 1541 ¹
304 1516 377 1597 quia
396 1515 456 1597 ipsi
476 1533 526 1579 me
547 1515 671 1579 avolare
691 1513 900 1598 1111111110).
934 1513 1028 1580 Cuius
1056 1534 1189 1597 namque
1217 1534 1270 1581 cor
1298 1514 1447 1581 11111111·-

303 1637 390 1684 reum
412 1635 599 1699 saxeumque
620 1622 729 1699 pectus
741 1616 897 1701 (8)verba
917 1621 973 1682 tua
993 1617 1166 1683 sintillifera
1186 1619 1293 1684 audire
1321 1623 1444 1701 posset,

302 1726 335 1804 et
354 1740 417 1786 non
439 1720 540 1785 subito
561 1720 675 1785 amoris
696 1721 743 1784 tui
762 1721 866 1802 ignem
888 1721 1082 1802 conciperet?
1113 1723 1188 1800 Quis
1218 1721 1351 1805 denique
1379 1727 1446 1788 tam

301 1821 431 1906 frigidus
452 1824 502 1890 vel
523 1824 645 1904 tepidus
668 1824 772 1888 existit
784 1824 843 1908 (9),
867 1825 920 1905 qui
934 1821 968 1889 'si
989 1829 1021 1888 te
1042 1826 1075 1890 in
1096 1830 1184 1891 tanto
1207 1825 1318 1890 decore
1340 1844 1445 1891 coram

303 1929 399 2002 oculis
421 1927 522 1993 condis
544 1927 593 1994 sui
614 1926 746 2007 sisteret,
769 1927 879 2009 suique
899 1929 1013 1994 amoris
1035 1930 1139 1995 oculos
1160 1928 1338 2011 frequenter
1358 1930 1391 1994 in
1412 1934 1446 1996 te

302 2030 416 2109 defixos
427 2030 566 2110 haberet,
588 2035 621 2096 et
631 2031 762 2112 ignitum
775 2031 930 2113 eloquium
943 2037 1032 2096 tuum
1049 2032 1272 2115 vehementer(
1277 2032 1328 2115 10)
1340 2033 1445 2115 sepius

299 2136 422 2202 audiret
442 2134 640 2216 crebriusque
662 2135 770 2199 cadem
790 2135 971 2215 revolveret,
995 2137 1048 2217 qui
1069 2154 1132 2201 non
1153 2136 1253 2201 intimi
1266 2136 1380 2202 amoris
1397 2135 1444 2201 fa-

300 2238 370 2306 cula
390 2238 620 2304 inardesceret?
641 2237 727 2303 Sicut
748 2239 830 2304 enim
850 2238 898 2304 sol
913 2239 954 2302 ad
968 2239 1163 2321 cmisperium
1182 2244 1323 2305 nostrum
1337 2257 1445 2306 ascen-

244 2385 250 2395 ·
299 2344 376 2410 dens
397 2347 430 2407 et
450 2341 597 2431 circulum
618 2342 823 2408 meridianum
845 2342 1031 2434 describens,
1055 2347 1172 2407 terram
1193 2361 1250 2408 suo
1273 2343 1378 2408 adurit
1393 2362 1445 2409 ca·

298 2448 381 2513 lore:
403 2447 448 2512 sic
468 2446 653 2526 colloquium
674 2450 763 2510 tuum
784 2444 960 2511 flammeum
982 2446 1078 2512 corda
1098 2445 1211 2528 frigida
1230 2460 1288 2512 suo
1302 2447 1445 2513 accendit

880 2536 885 2545 ι

299 2552 332 2617 in
353 2567 468 2616 amore.
502 2547 612 2632 0(11)
624 2566 730 2613 omnes
752 2549 824 2613 sicie
846 2553 893 2636 tos
915 2550 1018 2614 venite
1039 2551 1184 2615 nuncad
1204 2550 1322 2617 fontem
1342 2551 1442 2616 tocius

228 2650 231 2654 ’
301 2654 424 2733 amoris,
440 2656 473 2716 et
483 2650 524 2715 ad
534 2650 668 2714 fructum
680 2649 887 2715 desideratum
904 2651 1121 2718 iocundissime
1133 2653 1316 2720 dileccionis.
1340 2653 1444 2732 Quare

303 2754 476 2837 expenditis
498 2758 531 2817 et
551 2771 601 2817 res
616 2757 648 2816 et
663 2770 774 2834 corpus
788 2753 857 2834 (12)
869 2753 1024 2836 simulque
1036 2745 1170 2820 animam
1181 2757 1316 2838 periculo
1335 2761 1444 2823 eterno
1488 2813 1491 2819 .

302 2857 469 2938 exponitis,
498 2860 529 2919 et
550 2859 655 2919 tamenn
676 2855 708 2919 in
734 2873 847 2920 vanum
869 2856 1038 2921 laboratis?
1059 2858 1140 2922 Nam
1161 2860 1194 2924 in
1214 2860 1361 2942 ydropica
1382 2860 1444 2925 ori·

302 2961 400 3025 ditate
420 2959 584 3043 persistitis
597 2956 677 3041 (13).
712 2958 755 3023 01
778 2959 898 3023 aridum
919 2965 1049 3042 propter
1071 2979 1212 3045 saporem
1234 2980 1381 3028 carneum
1395 2968 1443 3028 te·

301 3082 395 3129 nuem
415 3063 448 3128 in
470 3081 506 3127 eo
527 3061 677 3141 relictum,
701 3061 842 3127 dentibus
864 3065 975 3128 vestris
987 3064 1106 3129 reditis.
1140 3064 1286 3130 Omiseri
1298 3084 1371 3132 vere
1384 3067 1443 3131 mi·

301 3169 414 3236 seriam
436 3167 556 3246 amatis,
579 3167 653 3229 dum
674 3165 733 3230 hoc
754 3167 837 3247 quod
859 3168 985 3248 queritis
1008 3169 1094 3232 iuxta
1115 3174 1222 3234 votum
1243 3189 1306 3236 non
1325 3169 1442 3235 inveni-

301 3274 342 3340 tis
354 3271 435 3356 (14).
468 3269 591 3335 Gemite
614 3287 708 3351 queso
731 3270 855 3349 cernite,
879 3289 971 3353 quam
992 3271 1107 3336 bonum
1121 3278 1153 3337 et
1168 3289 1260 3355 quam
1274 3274 1439 3339 iocundum

302 3377 344 3444 sit
354 3393 508 3442 summum
520 3375 635 3438 bonum
650 3372 786 3453 diligere,
802 3392 978 3456 supremam
992 3393 1138 3456 sponsam
1154 3377 1309 3442 adamare.
1331 3377 1441 3442 Redito

303 3484 457 3545 amatores
479 3476 645 3542 dulcissimi
656 3475 726 3560 (15)
739 3476 779 3540 ad
801 3495 862 3556 cor,
886 3480 918 3541 et
939 3479 1121 3559 perpendite
1143 3497 1235 3561 quam
1255 3480 1366 3545 beatus
1389 3479 1442 3562 qui

303 3584 417 3649 relictis
432 3581 571 3647 omnibus
585 3580 617 3645 in
631 3579 711 3646 hanc
726 3581 888 3660 consentit,
904 3580 993 3662 eique
1007 3582 1065 3646 soli
1079 3588 1190 3652 cuncta
1201 3583 1331 3649 servicia
1344 3584 1443 3649 amori
1523 3634 1525 3638 .

304 3689 408 3754 debita
419 3686 511 3752 corde
524 3684 636 3750 devoto
645 3683 795 3766 inpendit.
826 3684 949 3761 Quanta
959 3686 1075 3800 putatis
1088 3686 1158 3770 (16)
1170 3687 1220 3753 hic
1230 3688 1442 3754 consolacione

369 3870 403 3939 (1)
426 3859 566 3922 ODEGM
575 3859 708 3932 affectus,
730 3875 801 3918 moa·
821 3858 991 3917 Eaffcctum
1001 3892 1045 3902 -
1056 3853 1090 3922 (2)
1104 3859 1133 3918 D
1145 3862 1209 3920 add
1219 3879 1267 3921 me
1277 3894 1321 3904 -
1335 3855 1368 3926 (3)
1381 3861 1442 3922 GM

304 3960 387 4027 et<-
408 3945 650 4014 (4111111111,
674 3945 746 4002 lim.
767 3945 793 4016 1,
814 3948 839 4016 l,
861 3947 959 4002 15.-
971 3942 1004 4008 (5)
1026 3945 1321 4024 H'dingnissimus-
1335 3943 1441 4012 (ildo-

305 4042 424 4111 (1111112,
437 4037 481 4095 18.
501 4065 545 4075 -
567 4027 600 4094 (l)
626 4028 710 4088 Cant.
733 4033 760 4102 6,
772 4033 800 4087 4.
813 4062 858 4072 -
875 4024 908 4095 (8)
930 4026 962 4088 Π
971 4033 1034 4090 cdd
1049 4036 1099 4107 qui
1118 4067 1163 4077 —-
1184 4030 1218 4098 (9)
1242 4034 1443 4095 Dexistat-

305 4125 357 4196 (10)
379 4124 461 4185 Psoi.
489 4120 555 4190 118,
577 4119 645 4175 140.
665 4149 710 4158 —
737 4111 788 4195 (11)
812 4113 897 4174 Oom
918 4116 1017 4194 BcM3
1047 4136 1117 4178 mox
1145 4120 1352 4183 Hscicientes-
1371 4122 1440 4180 Ioci.

306 4219 354 4286 55,
375 4217 400 4273 1,
419 4241 464 4257 .-
485 4200 536 4268 (12)
560 4202 613 4260 CH
625 4207 654 4260 et
673 4218 719 4260 res
742 4217 844 4275 corpus
875 4202 949 4262 DFl
960 4221 1006 4262 res
1028 4211 1058 4263 et
1078 4221 1181 4280 corpus
1213 4206 1263 4265 ΕΡ
1274 4224 1320 4267 111
1339 4224 1442 4284 corpus

304 4301 370 4364 Lot
382 4311 485 4373 corpus
498 4321 542 4335 -
563 4284 615 4353 (13)
637 4287 745 4347 BDJM
756 4289 904 4363 persistitis
915 4288 1045 4350 ariditate
1056 4322 1100 4334 -
1114 4287 1165 4356 (14)
1179 4291 1284 4354 ACDJ
1293 4295 1444 4365 invenietis

304 4419 349 4434 -
369 4381 420 4449 (15)
443 4375 571 4440 CDGJL
582 4373 755 4436 dilectissimi
774 4406 819 4416 -
839 4368 891 4439 (16)
912 4375 1034 4452 Lputas
1122 4377 1126 4403 *
