3232 5130
1346 381 1385 441 35

240 511 286 576 rie
308 512 507 574 vexavenmt.
540 509 583 571 Et
604 507 661 573 hec
682 511 786 573 omnia
807 511 920 574 amoris
942 510 1071 574 vulnera
1092 528 1162 574 cum
1183 531 1296 594 magno
1318 530 1385 580 sus-

240 615 319 678 tinui
334 614 435 679 cordis
448 613 610 692 desiderio,
632 618 668 676 ut
682 632 751 678 meo
765 613 862 678 livore
875 618 1072 696 peccatorum
1086 616 1214 681 vulnera
1231 636 1383 700 sanarem,

240 738 298 801 pro
322 711 534 799 peccatoribus
556 718 676 782 miseris
698 716 916 797 satisfacerem,
941 722 972 782 et
994 737 1100 784 omnes
1121 721 1223 786 redire
1248 722 1386 788 volentes

240 822 332 902 patri,
344 821 449 886 celesti
469 822 707 886 reconsiliarem.

576 973 1043 1028 -ο-θὶψῦοεεθμ

322 1133 462 1209 Qualiter
483 1132 586 1196 anima
608 1151 667 1213 que
689 1151 837 1215 sponsum
858 1151 915 1215 per
936 1137 1097 1213 peccatum
1117 1134 1305 1216 perdiderat,
1365 1138 1370 1145 “

352 1237 455 1318 ipsum
476 1237 533 1302 sub
555 1255 647 1301 cruce
668 1254 725 1318 por
745 1235 895 1300 fervidam
916 1237 1121 1317 penitenciam
1143 1238 1269 1316 invenit,

584 1337 676 1404 Cristi
697 1340 840 1421 passione
863 1341 995 1423 adiuta(
1016 1340 1039 1420 ).

201 1578 204 1583 .
632 1471 822 1576 Capittulum
844 1499 998 1575 quartrun.

280 1633 437 1698 Effundite
458 1633 600 1698 lacrimas
623 1632 703 1696 oculi
724 1598 795 1711 mei,
818 1633 939 1713 plorate
962 1638 1000 1721 11ι
1014 1633 1109 1698 nolite
1131 1633 1271 1700 deficere.
1305 1637 1384 1702 Leta

236 1736 326 1802 huius
338 1737 445 1801 mundi
459 1737 602 1800 universa
618 1735 785 1800 abscedant
798 1735 863 1818 (2);
887 1741 998 1801 cuncta
1016 1755 1076 1819 que
1090 1738 1183 1802 michi
1196 1739 1302 1804 solacii
1316 1756 1384 1804 esse

236 1840 419 1904 videbantur
433 1839 493 1923 (3),
515 1839 624 1921 procul
641 1839 815 1918 recedant,
845 1845 878 1904 et
906 1858 956 1904 me
985 1839 1181 1905 solitudinem
1194 1841 1241 1924 (4)
1254 1842 1383 1908 meroris

237 1944 376 2023 amicam,
398 1944 527 2008 tristicie
549 1944 664 2008 sociam
693 1961 823 2024 querere
852 1943 971 2023 sinant,
1001 1948 1040 2009 ut
1063 1943 1176 2010 deflere
1197 1946 1383 2027 111111111-

235 2048 363 2129 pentina
383 2048 465 2112 mala
487 2064 547 2129 que
568 2045 661 2111 michi
682 2063 720 2110 er
741 2050 938 2127 peecatorum
950 2047 1063 2137 nebula
1073 2053 1327 2130 supervenenmt,
1351 2053 1384 2114 et

236 2168 286 2214 me
315 2151 470 2232 quondam
498 2151 569 2215 letis
599 2150 789 2215 successibus
822 2151 1041 2243 gaudentem,
1061 2157 1093 2215 et
1121 2153 1244 2217 iuvenili
1273 2153 1384 2218 decore
1507 2191 1519 2213 .

235 2250 396 2318 florentem
410 2253 511 2336 (51111
532 2259 710 2336 presentem
737 2254 893 2323 1111111111
923 2254 1127 2319 deduxerrmt.
1169 2256 1219 2320 Ad
1240 2257 1383 2345 temetip

237 2373 303 2421 sam
315 2358 363 2440 (6)
375 2359 470 2438 igitur
499 2376 517 2422 o
546 2358 650 2421 anima
678 2376 749 2421 mea
776 2357 944 2422 introrsum
973 2376 1150 2437 recurrens,
1185 2363 1217 2422 et
1244 2359 1386 2439 labencia

201 2500 204 2504 »
237 2465 348 2524 cuncta
368 2461 605 2544 supergrediens
627 2465 748 2526 vastam
769 2461 966 2531 soluudinem
987 2446 1296 2551 profundissimarum
1308 2463 1381 2528 tris·
1444 2484 1448 2493 ¹

236 2565 378 2628 ticiarrnn
398 2565 557 2646 perquire,
589 2547 620 2628 11
643 2564 778 2629 excelsos
800 2568 922 2628 montes
944 2570 1220 2630 rememoraturum
1241 2566 1380 2631 miseria·

236 2687 306 2731 rum
328 2672 417 2750 pete,
452 2668 605 2750 cordeque
626 2669 780 2748 sauciato,
814 2686 888 2733 uoce
909 2666 1002 2732 flebili
1025 2673 1056 2732 11
1078 2669 1194 2733 11111111
1215 2669 1382 2734 miserabili

236 2773 373 2837 exclama
393 2776 459 2836 tam
480 2771 581 2836 valide
603 2776 638 2835 nt
660 2772 815 2849 monrium
834 2776 865 2845 11
880 2772 1002 2838 collium
1017 2772 1081 2836 alta
1095 2773 1262 2852 cacumina,
1285 2773 1380 2838 aeris·

236 2895 296 2959 que
308 2877 357 2961 (7)
369 2876 489 2941 excelsa
502 2876 638 2961 auspicia
656 2894 754 2957 usque
775 2876 816 2940 ad
837 2876 973 2958 supremi
995 2876 1051 2941 celi
1074 2894 1217 2956 convexa,
1239 2897 1299 2942 vox
1318 2877 1381 2942 ista

234 2982 437 3046 lamentabilis
458 2981 630 3063 pertingat,
649 2984 680 3044 et
702 2980 742 3044 ad
764 2999 854 3045 aures
876 2981 944 3046 illas
965 2981 1081 3062 pietate
1102 2982 1209 3064 plenas
1221 2983 1378 3048 celestium
1476 2998 1479 3007 ·

234 3085 397 3166 spirituum
425 3085 594 3166 perveniat.
630 3067 824 3166 'Talibusque
855 3085 1037 3150 clamoribus
1068 3105 1120 3151 eos
1149 3087 1317 3169 aggredere
1347 3089 1379 3151 11

236 3187 300 3252 dic:
324 3187 350 3252 Ο
372 3187 491 3269 lapides
512 3188 583 3267 uiui,
605 3174 726 3253 montes
749 3189 869 3268 excelsi,
894 3189 994 3270 campi
1015 3189 1158 3263 luminosi
1176 3189 1377 3272 syderearum

234 3291 444 3355 mansionum:
467 3292 535 3372 quis
556 3291 649 3356 michi
670 3292 724 3356 det
745 3296 781 3356 ut
802 3293 882 3372 ignis
904 3292 957 3356 ille
978 3293 1263 3358 vehementissimus
1275 3294 1377 3359 calore

234 3395 328 3460 nimio
348 3395 511 3476 precordia
531 3414 600 3460 mea
615 3396 758 3474 adurens,
782 3400 813 3459 et
823 3396 948 3476 lacrime
961 3396 1008 3478 (8)
1021 3396 1211 3461 amarissime
1222 3397 1376 3460 uberrime

233 3498 296 3562 iam
315 3497 504 3580 profluentes
525 3518 580 3566 vos
601 3504 747 3565 moveant
768 3499 809 3565 ad
831 3499 1072 3581 conpaciendum
1093 3499 1195 3578 michi,
1217 3499 1311 3565 etad
1332 3499 1376 3564 le·

233 3602 380 3668 niendum
402 3603 539 3668 dolorem
556 3622 679 3684 meum,
701 3603 850 3668 Dolorem
871 3602 978 3683 utique
999 3600 1268 3683 inconparabilem,
1291 3602 1393 3667 cordi·

233 3726 303 3773 meo
325 3708 387 3772 1111
402 3706 575 3787 facientem,
599 3709 700 3773 anime
712 3706 760 3790 (9)
771 3707 891 3789 viscera
903 3690 1100 3783 cruciantem,
1123 3709 1155 3768 et
1169 3723 1375 3787 1111111111-

233 3814 297 3875 tem
318 3810 506 3875 medullitus.
549 3810 621 3875 Heu
648 3829 699 3874 me
719 3809 880 3874 infelicem.
922 3807 1079 3890 Siquidem
1100 3828 1231 3890 sponsus
1252 3809 1303 3873 ille
1326 3828 1374 3874 ce·

232 3915 318 3980 lestis
332 3933 382 3978 me
396 3932 452 3979 sua
468 3914 596 3978 caritate
611 3918 805 3995 prevenerat,
828 3913 997 3978 enutrierat
1010 3913 1091 3997 (10),
1113 3913 1146 3980 in
1156 3906 1302 3996 sponsam
1313 3914 1374 3978 ele-

299 4069 332 4138 (1)
356 4074 403 4133 GP
415 4074 623 4133 adiuvante-
644 4069 678 4138 (2)
701 4073 957 4148 renascemur,
979 4090 1050 4133 mor
1072 4073 1147 4131 BEF
1162 4079 1191 4132 et
1212 4079 1314 4133 cuncta
1331 4106 1375 4117 -

233 4156 267 4226 (3)
291 4161 339 4220 ΟΡ
362 4161 533 4220 videbantur
554 4177 617 4218 1111
637 4193 683 4204 -
711 4157 745 4224 (⁴)
774 4160 1020 4220 Esollitod'mem:
1050 4164 1090 4218 alc
1120 4166 1147 4218 ct
1174 4160 1375 4235 11111111-
1441 4178 1444 4183 ·

233 4244 267 4311 (5)
291 4248 339 4307 ΟΡ
354 4248 501 4308 florentem
529 4246 631 4307 decore
659 4279 704 4291 -
733 4242 767 4311 16)
790 4247 851 4306 ΑΜ
864 4251 1047 4323 temetipsum
1068 4278 1112 4294 *-
1141 4241 1174 4310 (7)
1198 4247 1375 4323 blaierisque

232 4367 277 4376 -
298 4330 332 4398 (8)
354 4334 409 4393 BD
425 4335 487 4394 add
499 4351 562 4394 mee
573 4367 618 4377 —
639 4329 695 4398 (91.1
710 4334 772 4393 add
783 4351 847 4394 moe
857 4367 901 4377 -
923 4328 974 4397 (1⁰)
997 4334 1021 4392 P
1036 4339 1065 4393 at
1079 4336 1232 4393 enutrierat
1275 4333 1300 4392 B
1317 4351 1375 4394 nu·

234 4423 331 4480 trierat
351 4428 380 4479 et
1081 4423 1085 4433 '
