<?xml version="1.0" encoding="UTF-8"?>
<!DOCTYPE html PUBLIC "-//W3C//DTD XHTML 1.0 Transitional//EN"
    "http://www.w3.org/TR/xhtml1/DTD/xhtml1-transitional.dtd">
<html xmlns="http://www.w3.org/1999/xhtml" xml:lang="en" lang="en">
 <head>
  <title>
</title>
<meta http-equiv="Content-Type" content="text/html;charset=utf-8" />
  <meta name='ocr-system' content='tesseract 3.04.00' />
  <meta name='ocr-capabilities' content='ocr_page ocr_carea ocr_par ocr_line ocrx_word'/>
</head>
<body>
  <div class='ocr_page' id='page_1' title='image "./henricisusoniss00seusgoog_0229.png"; bbox 0 0 3000 5196; ppageno 0'>
   <div class='ocr_carea' id='block_1_1' title="bbox 173 490 1317 1098">
    <p class='ocr_par' dir='ltr' id='par_1_1' title="bbox 173 490 1317 1098">
     <span class='ocr_line' id='line_1_1' title="bbox 173 490 1313 579; baseline -0.003 -17"><span class='ocrx_word' id='word_1_1' title='bbox 173 513 244 563; x_wconf 93' lang='lat' dir='ltr'><strong>rum</strong></span> <span class='ocrx_word' id='word_1_2' title='bbox 264 493 468 561; x_wconf 72' lang='lat' dir='ltr'><strong>inveteratam</strong></span> <span class='ocrx_word' id='word_1_3' title='bbox 488 492 548 559; x_wconf 88' lang='lat' dir='ltr'><strong>hac</strong></span> <span class='ocrx_word' id='word_1_4' title='bbox 568 492 618 559; x_wconf 91' lang='lat' dir='ltr'><strong>die</strong></span> <span class='ocrx_word' id='word_1_5' title='bbox 638 493 682 557; x_wconf 92' lang='lat' dir='ltr'><strong>bii</strong></span> <span class='ocrx_word' id='word_1_6' title='bbox 693 492 741 579; x_wconf 89' lang='lat'><strong>(1)</strong></span> <span class='ocrx_word' id='word_1_7' title='bbox 754 493 807 576; x_wconf 91' lang='lat' dir='ltr'><strong>qni</strong></span> <span class='ocrx_word' id='word_1_8' title='bbox 827 493 886 559; x_wconf 88' lang='lat' dir='ltr'><strong>sibi</strong></span> <span class='ocrx_word' id='word_1_9' title='bbox 906 491 1037 559; x_wconf 91' lang='lat' dir='ltr'><strong>invicem</strong></span> <span class='ocrx_word' id='word_1_10' title='bbox 1057 490 1090 558; x_wconf 92' lang='lat' dir='ltr'><strong>in</strong></span> <span class='ocrx_word' id='word_1_11' title='bbox 1103 492 1313 560; x_wconf 90' lang='lat' dir='ltr'><strong>amiciciasin-</strong></span> 
     </span>
     <span class='ocr_line' id='line_1_2' title="bbox 174 592 1314 682; baseline -0.003 -17"><span class='ocrx_word' id='word_1_12' title='bbox 174 599 324 682; x_wconf 83' lang='lat' dir='ltr'><strong>gulariter</strong></span> <span class='ocrx_word' id='word_1_13' title='bbox 345 603 418 664; x_wconf 88' lang='lat' dir='ltr'><strong>sunt</strong></span> <span class='ocrx_word' id='word_1_14' title='bbox 438 598 551 677; x_wconf 90' lang='lat' dir='ltr'><strong>iuncti,</strong></span> <span class='ocrx_word' id='word_1_15' title='bbox 581 603 813 664; x_wconf 78' lang='lat' dir='ltr'><strong>consueverrmt</strong></span> <span class='ocrx_word' id='word_1_16' title='bbox 836 592 895 663; x_wconf 88' lang='lat' dir='ltr'><strong>sibi</strong></span> <span class='ocrx_word' id='word_1_17' title='bbox 915 601 1023 663; x_wconf 91' lang='lat' dir='ltr'><strong>mutuo</strong></span> <span class='ocrx_word' id='word_1_18' title='bbox 1044 601 1166 663; x_wconf 87' lang='lat' dir='ltr'><strong>strenas</strong></span> <span class='ocrx_word' id='word_1_19' title='bbox 1187 598 1262 663; x_wconf 89' lang='lat' dir='ltr'><strong>dare</strong></span> <span class='ocrx_word' id='word_1_20' title='bbox 1281 601 1314 662; x_wconf 88' lang='lat' dir='ltr'><strong>et</strong></span> 
     </span>
     <span class='ocr_line' id='line_1_3' title="bbox 174 701 1316 785; baseline -0.002 -17"><span class='ocrx_word' id='word_1_21' title='bbox 174 704 291 769; x_wconf 88' lang='lat' dir='ltr'><strong>bonurn</strong></span> <span class='ocrx_word' id='word_1_22' title='bbox 311 721 426 768; x_wconf 89' lang='lat' dir='ltr'><strong>annum</strong></span> <span class='ocrx_word' id='word_1_23' title='bbox 449 706 566 785; x_wconf 88' lang='lat' dir='ltr'><strong>optare.</strong></span> <span class='ocrx_word' id='word_1_24' title='bbox 593 701 644 767; x_wconf 91' lang='lat' dir='ltr'><strong>Sic</strong></span> <span class='ocrx_word' id='word_1_25' title='bbox 664 702 758 783; x_wconf 85' lang='lat' dir='ltr'><strong>igitur</strong></span> <span class='ocrx_word' id='word_1_26' title='bbox 772 701 913 768; x_wconf 87' lang='lat' dir='ltr'><strong>similiter</strong></span> <span class='ocrx_word' id='word_1_27' title='bbox 928 720 985 784; x_wconf 90' lang='lat' dir='ltr'><strong>pro</strong></span> <span class='ocrx_word' id='word_1_28' title='bbox 1000 701 1185 767; x_wconf 78' lang='lat' dir='ltr'><strong>exdtacione</strong></span> <span class='ocrx_word' id='word_1_29' title='bbox 1202 701 1316 766; x_wconf 93' lang='lat' dir='ltr'><strong>dormi-</strong></span> 
     </span>
     <span class='ocr_line' id='line_1_4' title="bbox 176 804 1315 887; baseline 0 -15"><span class='ocrx_word' id='word_1_30' title='bbox 176 806 271 872; x_wconf 80' lang='lat' dir='ltr'><strong>tantis</strong></span> <span class='ocrx_word' id='word_1_31' title='bbox 292 807 393 872; x_wconf 91' lang='lat' dir='ltr'><strong>anime</strong></span> <span class='ocrx_word' id='word_1_32' title='bbox 415 805 456 871; x_wconf 90' lang='lat' dir='ltr'><strong>ad</strong></span> <span class='ocrx_word' id='word_1_33' title='bbox 477 824 614 871; x_wconf 91' lang='lat' dir='ltr'><strong>amorem</strong></span> <span class='ocrx_word' id='word_1_34' title='bbox 637 806 774 872; x_wconf 91' lang='lat' dir='ltr'><strong>divinum</strong></span> <span class='ocrx_word' id='word_1_35' title='bbox 797 805 924 887; x_wconf 88' lang='lat' dir='ltr'><strong>quilibet</strong></span> <span class='ocrx_word' id='word_1_36' title='bbox 946 805 1075 870; x_wconf 90' lang='lat' dir='ltr'><strong>devotus</strong></span> <span class='ocrx_word' id='word_1_37' title='bbox 1087 804 1240 887; x_wconf 83' lang='lat' dir='ltr'><strong>sapiencie</strong></span> <span class='ocrx_word' id='word_1_38' title='bbox 1253 805 1315 872; x_wconf 89' lang='lat' dir='ltr'><strong>dis·</strong></span> 
     </span>
     <span class='ocr_line' id='line_1_5' title="bbox 177 909 1316 994; baseline -0.004 -17"><span class='ocrx_word' id='word_1_39' title='bbox 177 909 295 994; x_wconf 92' lang='lat' dir='ltr'><strong>cipulus</strong></span> <span class='ocrx_word' id='word_1_40' title='bbox 317 913 350 975; x_wconf 89' lang='lat' dir='ltr'><strong>et</strong></span> <span class='ocrx_word' id='word_1_41' title='bbox 370 914 491 976; x_wconf 89' lang='lat' dir='ltr'><strong>amator</strong></span> <span class='ocrx_word' id='word_1_42' title='bbox 512 911 544 975; x_wconf 92' lang='lat' dir='ltr'><strong>in</strong></span> <span class='ocrx_word' id='word_1_43' title='bbox 565 909 624 977; x_wconf 91' lang='lat' dir='ltr'><strong>hac</strong></span> <span class='ocrx_word' id='word_1_44' title='bbox 646 911 696 976; x_wconf 93' lang='lat' dir='ltr'><strong>die</strong></span> <span class='ocrx_word' id='word_1_45' title='bbox 717 929 806 976; x_wconf 87' lang='lat' dir='ltr'><strong>suam</strong></span> <span class='ocrx_word' id='word_1_46' title='bbox 827 911 950 974; x_wconf 90' lang='lat' dir='ltr'><strong>unicam</strong></span> <span class='ocrx_word' id='word_1_47' title='bbox 975 927 1012 974; x_wconf 89' lang='lat' dir='ltr'><strong>ac</strong></span> <span class='ocrx_word' id='word_1_48' title='bbox 1029 909 1256 975; x_wconf 88' lang='lat' dir='ltr'><strong>dilectissimam</strong></span> <span class='ocrx_word' id='word_1_49' title='bbox 1267 909 1316 994; x_wconf 78' lang='lat' dir='ltr'><strong>(a)</strong></span> 
     </span>
     <span class='ocr_line' id='line_1_6' title="bbox 176 1013 1317 1098; baseline -0.001 -17"><span class='ocrx_word' id='word_1_50' title='bbox 176 1033 322 1098; x_wconf 79' lang='lat' dir='ltr'><strong>spensam</strong></span> <span class='ocrx_word' id='word_1_51' title='bbox 344 1014 478 1080; x_wconf 91' lang='lat' dir='ltr'><strong>divinam</strong></span> <span class='ocrx_word' id='word_1_52' title='bbox 499 1015 636 1096; x_wconf 88' lang='lat' dir='ltr'><strong>accedat,</strong></span> <span class='ocrx_word' id='word_1_53' title='bbox 660 1019 692 1080; x_wconf 89' lang='lat' dir='ltr'><strong>et</strong></span> <span class='ocrx_word' id='word_1_54' title='bbox 712 1015 827 1081; x_wconf 92' lang='lat' dir='ltr'><strong>bonum</strong></span> <span class='ocrx_word' id='word_1_55' title='bbox 844 1032 959 1079; x_wconf 89' lang='lat' dir='ltr'><strong>annum</strong></span> <span class='ocrx_word' id='word_1_56' title='bbox 974 1032 1031 1096; x_wconf 93' lang='lat' dir='ltr'><strong>pro</strong></span> <span class='ocrx_word' id='word_1_57' title='bbox 1053 1013 1165 1080; x_wconf 87' lang='lat' dir='ltr'><strong>strenis</strong></span> <span class='ocrx_word' id='word_1_58' title='bbox 1186 1013 1317 1096; x_wconf 86' lang='lat' dir='ltr'><strong>sibiipsi</strong></span> 
     </span>
    </p>
   </div>
   <div class='ocr_carea' id='block_1_2' title="bbox 177 1115 1317 1305">
    <p class='ocr_par' dir='ltr' id='par_1_2' title="bbox 177 1115 1317 1305">
     <span class='ocr_line' id='line_1_7' title="bbox 177 1115 1317 1202; baseline -0.003 -17"><span class='ocrx_word' id='word_1_59' title='bbox 177 1122 211 1185; x_wconf 89' lang='lat' dir='ltr'><strong>et</strong></span> <span class='ocrx_word' id='word_1_60' title='bbox 232 1117 372 1184; x_wconf 90' lang='lat' dir='ltr'><strong>omnibus</strong></span> <span class='ocrx_word' id='word_1_61' title='bbox 393 1118 489 1200; x_wconf 90' lang='lat' dir='ltr'><strong>ipsius</strong></span> <span class='ocrx_word' id='word_1_62' title='bbox 512 1118 727 1201; x_wconf 90' lang='lat' dir='ltr'><strong>condiscipulis</strong></span> <span class='ocrx_word' id='word_1_63' title='bbox 739 1117 788 1202; x_wconf 87' lang='lat'><strong>(3)</strong></span> <span class='ocrx_word' id='word_1_64' title='bbox 801 1121 833 1182; x_wconf 89' lang='lat' dir='ltr'><strong>et</strong></span> <span class='ocrx_word' id='word_1_65' title='bbox 853 1121 960 1182; x_wconf 89' lang='lat' dir='ltr'><strong>sancte</strong></span> <span class='ocrx_word' id='word_1_66' title='bbox 980 1117 1073 1181; x_wconf 88' lang='lat' dir='ltr'><strong>matri</strong></span> <span class='ocrx_word' id='word_1_67' title='bbox 1095 1117 1220 1182; x_wconf 86' lang='lat' dir='ltr'><strong>ecclesie</strong></span> <span class='ocrx_word' id='word_1_68' title='bbox 1240 1115 1317 1183; x_wconf 90' lang='lat' dir='ltr'><strong>fide·</strong></span> 
     </span>
     <span class='ocr_line' id='line_1_8' title="bbox 177 1220 1317 1305; baseline -0.001 -17"><span class='ocrx_word' id='word_1_69' title='bbox 177 1222 249 1288; x_wconf 83' lang='lat' dir='ltr'><strong>liter</strong></span> <span class='ocrx_word' id='word_1_70' title='bbox 271 1222 429 1305; x_wconf 89' lang='lat' dir='ltr'><strong>deposcat,</strong></span> <span class='ocrx_word' id='word_1_71' title='bbox 454 1221 587 1303; x_wconf 85' lang='lat' dir='ltr'><strong>aliquam</strong></span> <span class='ocrx_word' id='word_1_72' title='bbox 611 1222 785 1287; x_wconf 90' lang='lat' dir='ltr'><strong>oracionem</strong></span> <span class='ocrx_word' id='word_1_73' title='bbox 807 1221 971 1303; x_wconf 82' lang='lat' dir='ltr'><strong>specialem</strong></span> <span class='ocrx_word' id='word_1_74' title='bbox 985 1220 1135 1301; x_wconf 88' lang='lat' dir='ltr'><strong>iaciendo,</strong></span> <span class='ocrx_word' id='word_1_75' title='bbox 1156 1222 1206 1286; x_wconf 90' lang='lat' dir='ltr'><strong>vel</strong></span> <span class='ocrx_word' id='word_1_76' title='bbox 1220 1221 1317 1287; x_wconf 89' lang='lat' dir='ltr'><strong>eciam</strong></span> 
     </span>
    </p>
   </div>
   <div class='ocr_carea' id='block_1_3' title="bbox 178 1324 1429 1516">
    <p class='ocr_par' dir='ltr' id='par_1_3' title="bbox 178 1324 1429 1516">
     <span class='ocr_line' id='line_1_9' title="bbox 179 1324 1429 1409; baseline -0.002 -16"><span class='ocrx_word' id='word_1_77' title='bbox 179 1327 229 1393; x_wconf 92' lang='lat' dir='ltr'><strong>cui</strong></span> <span class='ocrx_word' id='word_1_78' title='bbox 240 1326 301 1392; x_wconf 89' lang='lat' dir='ltr'><strong>hoc</strong></span> <span class='ocrx_word' id='word_1_79' title='bbox 314 1327 456 1408; x_wconf 84' lang='lat' dir='ltr'><strong>congruit</strong></span> <span class='ocrx_word' id='word_1_80' title='bbox 471 1344 594 1391; x_wconf 90' lang='lat' dir='ltr'><strong>cereum</strong></span> <span class='ocrx_word' id='word_1_81' title='bbox 607 1344 770 1391; x_wconf 89' lang='lat' dir='ltr'><strong>accensum</strong></span> <span class='ocrx_word' id='word_1_82' title='bbox 783 1326 816 1389; x_wconf 93' lang='grc'><strong>111</strong></span> <span class='ocrx_word' id='word_1_83' title='bbox 830 1324 979 1391; x_wconf 89' lang='lat' dir='ltr'><strong>honorem</strong></span> <span class='ocrx_word' id='word_1_84' title='bbox 986 1325 1034 1409; x_wconf 84' lang='lat'><strong>(4)</strong></span> <span class='ocrx_word' id='word_1_85' title='bbox 1041 1326 1137 1408; x_wconf 88' lang='lat' dir='ltr'><strong>ipsius</strong></span> <span class='ocrx_word' id='word_1_86' title='bbox 1149 1327 1202 1408; x_wconf 91' lang='lat' dir='ltr'><strong>qui</strong></span> <span class='ocrx_word' id='word_1_87' title='bbox 1212 1331 1319 1392; x_wconf 91' lang='lat' dir='ltr'><strong>eterna</strong></span> <span class='ocrx_word' id='word_1_88' title='bbox 1422 1342 1429 1351; x_wconf 85' lang='lat'><strong>··</strong></span> 
     </span>
     <span class='ocr_line' id='line_1_10' title="bbox 178 1428 1413 1516; baseline -0.001 -19"><span class='ocrx_word' id='word_1_89' title='bbox 178 1431 232 1497; x_wconf 87' lang='lat' dir='ltr'><strong>lux</strong></span> <span class='ocrx_word' id='word_1_90' title='bbox 253 1436 311 1512; x_wconf 89' lang='lat' dir='ltr'><strong>est,</strong></span> <span class='ocrx_word' id='word_1_91' title='bbox 333 1431 374 1496; x_wconf 88' lang='lat' dir='ltr'><strong>ad</strong></span> <span class='ocrx_word' id='word_1_92' title='bbox 395 1431 493 1497; x_wconf 88' lang='lat' dir='ltr'><strong>altare</strong></span> <span class='ocrx_word' id='word_1_93' title='bbox 515 1431 565 1497; x_wconf 89' lang='lat' dir='ltr'><strong>vel</strong></span> <span class='ocrx_word' id='word_1_94' title='bbox 583 1435 657 1516; x_wconf 83' lang='lat' dir='ltr'><strong>ante</strong></span> <span class='ocrx_word' id='word_1_95' title='bbox 673 1428 850 1496; x_wconf 81' lang='lat' dir='ltr'><strong>crucifixum</strong></span> <span class='ocrx_word' id='word_1_96' title='bbox 864 1429 1030 1510; x_wconf 82' lang='lat' dir='ltr'><strong>offerendo,</strong></span> <span class='ocrx_word' id='word_1_97' title='bbox 1051 1431 1101 1496; x_wconf 92' lang='lat' dir='ltr'><strong>vel</strong></span> <span class='ocrx_word' id='word_1_98' title='bbox 1113 1431 1317 1514; x_wconf 90' lang='lat' dir='ltr'><strong>procurando,</strong></span> <span class='ocrx_word' id='word_1_99' title='bbox 1408 1430 1413 1441; x_wconf 89' lang='lat'>&#39;</span> 
     </span>
    </p>
   </div>
   <div class='ocr_carea' id='block_1_4' title="bbox 116 1533 1323 3914">
    <p class='ocr_par' dir='ltr' id='par_1_4' title="bbox 116 1533 1323 3914">
     <span class='ocr_line' id='line_1_11' title="bbox 179 1533 1317 1618; baseline -0.001 -17"><span class='ocrx_word' id='word_1_100' title='bbox 179 1535 354 1618; x_wconf 86' lang='lat' dir='ltr'><strong>insignum</strong></span> <span class='ocrx_word' id='word_1_101' title='bbox 376 1535 459 1618; x_wconf 90' lang='lat' dir='ltr'><strong>quod</strong></span> <span class='ocrx_word' id='word_1_102' title='bbox 480 1554 603 1601; x_wconf 90' lang='lat' dir='ltr'><strong>omnem</strong></span> <span class='ocrx_word' id='word_1_103' title='bbox 624 1534 756 1601; x_wconf 89' lang='lat' dir='ltr'><strong>salutem</strong></span> <span class='ocrx_word' id='word_1_104' title='bbox 778 1554 866 1600; x_wconf 91' lang='lat' dir='ltr'><strong>suam</strong></span> <span class='ocrx_word' id='word_1_105' title='bbox 887 1533 986 1600; x_wconf 87' lang='lat' dir='ltr'><strong>fidelis</strong></span> <span class='ocrx_word' id='word_1_106' title='bbox 1015 1535 1181 1618; x_wconf 86' lang='lat' dir='ltr'><strong>discipulus</strong></span> <span class='ocrx_word' id='word_1_107' title='bbox 1204 1535 1237 1600; x_wconf 94' lang='lat' dir='ltr'><strong>in</strong></span> <span class='ocrx_word' id='word_1_108' title='bbox 1258 1534 1317 1600; x_wconf 93' lang='lat' dir='ltr'><strong>hoc</strong></span> 
     </span>
     <span class='ocr_line' id='line_1_12' title="bbox 179 1625 1318 1722; baseline 0 -17"><span class='ocrx_word' id='word_1_109' title='bbox 179 1625 315 1705; x_wconf 79' lang='lat' dir='ltr'><strong>instabili</strong></span> <span class='ocrx_word' id='word_1_110' title='bbox 335 1644 474 1722; x_wconf 91' lang='lat' dir='ltr'><strong>tempore</strong></span> <span class='ocrx_word' id='word_1_111' title='bbox 494 1638 696 1720; x_wconf 85' lang='lat' dir='ltr'><strong>recognoscit,</strong></span> <span class='ocrx_word' id='word_1_112' title='bbox 720 1641 752 1703; x_wconf 88' lang='lat' dir='ltr'><strong>et</strong></span> <span class='ocrx_word' id='word_1_113' title='bbox 772 1639 840 1704; x_wconf 89' lang='lat' dir='ltr'><strong>vult</strong></span> <span class='ocrx_word' id='word_1_114' title='bbox 858 1657 892 1704; x_wconf 90' lang='lat' dir='ltr'><strong>se</strong></span> <span class='ocrx_word' id='word_1_115' title='bbox 908 1639 1007 1704; x_wconf 87' lang='lat' dir='ltr'><strong>asela</strong></span> <span class='ocrx_word' id='word_1_116' title='bbox 1020 1657 1134 1721; x_wconf 90' lang='lat' dir='ltr'><strong>sponsa</strong></span> <span class='ocrx_word' id='word_1_117' title='bbox 1147 1639 1250 1704; x_wconf 90' lang='lat' dir='ltr'><strong>divina</strong></span> <span class='ocrx_word' id='word_1_118' title='bbox 1262 1639 1318 1705; x_wconf 90' lang='lat' dir='ltr'><strong>ha·</strong></span> 
     </span>
     <span class='ocr_line' id='line_1_13' title="bbox 116 1730 1319 1827; baseline 0 -17"><span class='ocrx_word' id='word_1_119' title='bbox 116 1730 128 1745; x_wconf 51' lang='lat'><em>⁶</em></span> <span class='ocrx_word' id='word_1_120' title='bbox 180 1742 330 1827; x_wconf 61' lang='lat' dir='ltr'><strong>berem),</strong></span> <span class='ocrx_word' id='word_1_121' title='bbox 354 1749 386 1807; x_wconf 91' lang='lat' dir='ltr'><strong>et</strong></span> <span class='ocrx_word' id='word_1_122' title='bbox 407 1742 490 1824; x_wconf 87' lang='lat' dir='ltr'><strong>qnod</strong></span> <span class='ocrx_word' id='word_1_123' title='bbox 511 1760 599 1807; x_wconf 91' lang='lat' dir='ltr'><strong>amor</strong></span> <span class='ocrx_word' id='word_1_124' title='bbox 620 1742 686 1807; x_wconf 89' lang='lat' dir='ltr'><strong>eius</strong></span> <span class='ocrx_word' id='word_1_125' title='bbox 707 1742 803 1807; x_wconf 89' lang='lat' dir='ltr'><strong>solius</strong></span> <span class='ocrx_word' id='word_1_126' title='bbox 822 1743 857 1806; x_wconf 92' lang='lat' dir='ltr'><strong>in</strong></span> <span class='ocrx_word' id='word_1_127' title='bbox 878 1742 970 1807; x_wconf 86' lang='lat' dir='ltr'><strong>eorde</strong></span> <span class='ocrx_word' id='word_1_128' title='bbox 992 1761 1048 1808; x_wconf 89' lang='lat' dir='ltr'><strong>suo</strong></span> <span class='ocrx_word' id='word_1_129' title='bbox 1077 1734 1188 1808; x_wconf 83' lang='lat' dir='ltr'><strong>debeat</strong></span> <span class='ocrx_word' id='word_1_130' title='bbox 1209 1745 1319 1810; x_wconf 91' lang='lat' dir='ltr'><strong>ardere</strong></span> 
     </span>
     <span class='ocr_line' id='line_1_14' title="bbox 180 1844 1319 1928; baseline 0 -15"><span class='ocrx_word' id='word_1_131' title='bbox 180 1852 214 1913; x_wconf 92' lang='lat' dir='ltr'><strong>et</strong></span> <span class='ocrx_word' id='word_1_132' title='bbox 232 1848 351 1927; x_wconf 90' lang='lat' dir='ltr'><strong>lucere;</strong></span> <span class='ocrx_word' id='word_1_133' title='bbox 375 1852 407 1912; x_wconf 93' lang='lat' dir='ltr'><strong>et</strong></span> <span class='ocrx_word' id='word_1_134' title='bbox 427 1851 517 1928; x_wconf 90' lang='lat' dir='ltr'><strong>petat</strong></span> <span class='ocrx_word' id='word_1_135' title='bbox 537 1850 573 1911; x_wconf 89' lang='lat' dir='ltr'><strong>ut</strong></span> <span class='ocrx_word' id='word_1_136' title='bbox 594 1846 621 1911; x_wconf 92' lang='lat' dir='ltr'><strong>si</strong></span> <span class='ocrx_word' id='word_1_137' title='bbox 642 1846 692 1911; x_wconf 92' lang='lat' dir='ltr'><strong>hic</strong></span> <span class='ocrx_word' id='word_1_138' title='bbox 713 1844 962 1911; x_wconf 29' lang='lat' dir='ltr'><strong>amorssfortassis</strong></span> <span class='ocrx_word' id='word_1_139' title='bbox 978 1847 1082 1928; x_wconf 90' lang='lat' dir='ltr'><strong>aliqua</strong></span> <span class='ocrx_word' id='word_1_140' title='bbox 1096 1849 1256 1914; x_wconf 87' lang='lat' dir='ltr'><strong>occasione</strong></span> <span class='ocrx_word' id='word_1_141' title='bbox 1266 1867 1319 1913; x_wconf 87' lang='lat' dir='ltr'><strong>ex·</strong></span> 
     </span>
     <span class='ocr_line' id='line_1_15' title="bbox 179 1950 1320 2032; baseline 0.002 -16"><span class='ocrx_word' id='word_1_142' title='bbox 179 1953 295 2017; x_wconf 89' lang='lat' dir='ltr'><strong>tinctus</strong></span> <span class='ocrx_word' id='word_1_143' title='bbox 316 1956 374 2032; x_wconf 89' lang='lat' dir='ltr'><strong>est,</strong></span> <span class='ocrx_word' id='word_1_144' title='bbox 396 1956 461 2015; x_wconf 92' lang='lat' dir='ltr'><strong>tam</strong></span> <span class='ocrx_word' id='word_1_145' title='bbox 482 1950 722 2016; x_wconf 87' lang='lat' dir='ltr'><strong>misericorditer</strong></span> <span class='ocrx_word' id='word_1_146' title='bbox 743 1950 974 2031; x_wconf 85' lang='lat' dir='ltr'><strong>reaccendatur,</strong></span> <span class='ocrx_word' id='word_1_147' title='bbox 995 1950 1093 2019; x_wconf 83' lang='lat' dir='ltr'><strong>utde</strong></span> <span class='ocrx_word' id='word_1_148' title='bbox 1115 1956 1217 2018; x_wconf 80' lang='lat' dir='ltr'><strong>cetero</strong></span> <span class='ocrx_word' id='word_1_149' title='bbox 1230 1972 1320 2017; x_wconf 92' lang='lat' dir='ltr'><strong>nnm-</strong></span> 
     </span>
     <span class='ocr_line' id='line_1_16' title="bbox 181 2054 1320 2139; baseline 0.004 -19"><span class='ocrx_word' id='word_1_150' title='bbox 181 2073 276 2139; x_wconf 90' lang='lat' dir='ltr'><strong>quam</strong></span> <span class='ocrx_word' id='word_1_151' title='bbox 297 2056 509 2137; x_wconf 81' lang='lat' dir='ltr'><strong>extingwatur.</strong></span> <span class='ocrx_word' id='word_1_152' title='bbox 543 2055 684 2120; x_wconf 84' lang='lat' dir='ltr'><strong>Secunda</strong></span> <span class='ocrx_word' id='word_1_153' title='bbox 705 2054 770 2120; x_wconf 90' lang='lat' dir='ltr'><strong>dies</strong></span> <span class='ocrx_word' id='word_1_154' title='bbox 800 2058 848 2120; x_wconf 90' lang='lat' dir='ltr'><strong>est</strong></span> <span class='ocrx_word' id='word_1_155' title='bbox 876 2054 1030 2119; x_wconf 89' lang='lat' dir='ltr'><strong>dominica</strong></span> <span class='ocrx_word' id='word_1_156' title='bbox 1050 2055 1083 2119; x_wconf 95' lang='lat' dir='ltr'><strong>in</strong></span> <span class='ocrx_word' id='word_1_157' title='bbox 1104 2056 1320 2139; x_wconf 82' lang='lat' dir='ltr'><strong>quinquagesi-</strong></span> 
     </span>
     <span class='ocr_line' id='line_1_17' title="bbox 182 2157 1320 2243; baseline 0.001 -17"><span class='ocrx_word' id='word_1_158' title='bbox 182 2178 234 2226; x_wconf 89' lang='lat' dir='ltr'><strong>ma</strong></span> <span class='ocrx_word' id='word_1_159' title='bbox 245 2160 304 2243; x_wconf 83' lang='lat'><strong>(6),</strong></span> <span class='ocrx_word' id='word_1_160' title='bbox 319 2177 380 2241; x_wconf 89' lang='lat' dir='ltr'><strong>que</strong></span> <span class='ocrx_word' id='word_1_161' title='bbox 395 2159 459 2224; x_wconf 90' lang='lat' dir='ltr'><strong>dies</strong></span> <span class='ocrx_word' id='word_1_162' title='bbox 476 2178 495 2223; x_wconf 90' lang='lat' dir='ltr'><strong>a</strong></span> <span class='ocrx_word' id='word_1_163' title='bbox 514 2158 670 2241; x_wconf 87' lang='lat' dir='ltr'><strong>plerisque</strong></span> <span class='ocrx_word' id='word_1_164' title='bbox 691 2157 865 2240; x_wconf 87' lang='lat' dir='ltr'><strong>appellatur</strong></span> <span class='ocrx_word' id='word_1_165' title='bbox 886 2158 1135 2239; x_wconf 68' lang='lat' dir='ltr'><strong>carnisprivium</strong></span> <span class='ocrx_word' id='word_1_166' title='bbox 1158 2164 1190 2224; x_wconf 90' lang='lat' dir='ltr'><strong>et</strong></span> <span class='ocrx_word' id='word_1_167' title='bbox 1210 2161 1268 2226; x_wconf 92' lang='lat' dir='ltr'><strong>hec</strong></span> <span class='ocrx_word' id='word_1_168' title='bbox 1281 2163 1320 2227; x_wconf 90' lang='lat' dir='ltr'><strong>ab</strong></span> 
     </span>
     <span class='ocr_line' id='line_1_18' title="bbox 182 2250 1321 2342; baseline 0.002 -14"><span class='ocrx_word' id='word_1_169' title='bbox 182 2263 273 2328; x_wconf 77' lang='lat' dir='ltr'><strong>hrains</strong></span> <span class='ocrx_word' id='word_1_170' title='bbox 286 2262 394 2327; x_wconf 93' lang='lat' dir='ltr'><strong>mnndi</strong></span> <span class='ocrx_word' id='word_1_171' title='bbox 407 2262 510 2328; x_wconf 90' lang='lat' dir='ltr'><strong>stultis</strong></span> <span class='ocrx_word' id='word_1_172' title='bbox 525 2262 714 2327; x_wconf 88' lang='lat' dir='ltr'><strong>amatoribus</strong></span> <span class='ocrx_word' id='word_1_173' title='bbox 736 2250 863 2328; x_wconf 88' lang='lat' dir='ltr'><strong>celebris</strong></span> <span class='ocrx_word' id='word_1_174' title='bbox 884 2261 1025 2342; x_wconf 90' lang='lat' dir='ltr'><strong>habetur,</strong></span> <span class='ocrx_word' id='word_1_175' title='bbox 1048 2265 1080 2326; x_wconf 90' lang='lat' dir='ltr'><strong>et</strong></span> <span class='ocrx_word' id='word_1_176' title='bbox 1094 2280 1163 2327; x_wconf 90' lang='lat' dir='ltr'><strong>cunr</strong></span> <span class='ocrx_word' id='word_1_177' title='bbox 1176 2265 1321 2330; x_wconf 84' lang='lat' dir='ltr'><strong>vanitati-</strong></span> 
     </span>
     <span class='ocr_line' id='line_1_19' title="bbox 182 2365 1321 2449; baseline 0.001 -16"><span class='ocrx_word' id='word_1_178' title='bbox 182 2366 241 2433; x_wconf 91' lang='lat' dir='ltr'><strong>bus</strong></span> <span class='ocrx_word' id='word_1_179' title='bbox 255 2367 453 2449; x_wconf 90' lang='lat' dir='ltr'><strong>supervacuis</strong></span> <span class='ocrx_word' id='word_1_180' title='bbox 471 2367 661 2448; x_wconf 85' lang='lat' dir='ltr'><strong>expenditur.</strong></span> <span class='ocrx_word' id='word_1_181' title='bbox 688 2365 775 2432; x_wconf 89' lang='lat' dir='ltr'><strong>Tunc</strong></span> <span class='ocrx_word' id='word_1_182' title='bbox 791 2366 873 2431; x_wconf 88' lang='lat' dir='ltr'><strong>enim</strong></span> <span class='ocrx_word' id='word_1_183' title='bbox 888 2366 978 2431; x_wconf 91' lang='lat' dir='ltr'><strong>amici</strong></span> <span class='ocrx_word' id='word_1_184' title='bbox 994 2370 1026 2429; x_wconf 90' lang='lat' dir='ltr'><strong>et</strong></span> <span class='ocrx_word' id='word_1_185' title='bbox 1041 2365 1162 2434; x_wconf 91' lang='lat' dir='ltr'><strong>sodales</strong></span> <span class='ocrx_word' id='word_1_186' title='bbox 1178 2369 1321 2434; x_wconf 91' lang='lat' dir='ltr'><strong>conveni·</strong></span> 
     </span>
     <span class='ocr_line' id='line_1_20' title="bbox 182 2469 1320 2552; baseline 0.001 -16"><span class='ocrx_word' id='word_1_187' title='bbox 182 2488 218 2536; x_wconf 91' lang='lat' dir='ltr'><strong>re</strong></span> <span class='ocrx_word' id='word_1_188' title='bbox 237 2474 478 2550; x_wconf 86' lang='lat' dir='ltr'><strong>eonswevenmt,</strong></span> <span class='ocrx_word' id='word_1_189' title='bbox 502 2474 534 2534; x_wconf 88' lang='lat' dir='ltr'><strong>et</strong></span> <span class='ocrx_word' id='word_1_190' title='bbox 555 2469 668 2535; x_wconf 88' lang='lat' dir='ltr'><strong>solacia</strong></span> <span class='ocrx_word' id='word_1_191' title='bbox 689 2469 845 2535; x_wconf 85' lang='lat' dir='ltr'><strong>mundana</strong></span> <span class='ocrx_word' id='word_1_192' title='bbox 859 2488 896 2534; x_wconf 89' lang='lat' dir='ltr'><strong>ac</strong></span> <span class='ocrx_word' id='word_1_193' title='bbox 908 2469 1047 2552; x_wconf 89' lang='lat' dir='ltr'><strong>peritura</strong></span> <span class='ocrx_word' id='word_1_194' title='bbox 1061 2470 1118 2536; x_wconf 90' lang='lat' dir='ltr'><strong>sibi</strong></span> <span class='ocrx_word' id='word_1_195' title='bbox 1130 2472 1260 2537; x_wconf 89' lang='lat' dir='ltr'><strong>invicem</strong></span> <span class='ocrx_word' id='word_1_196' title='bbox 1274 2472 1290 2537; x_wconf 85' lang='lat' dir='ltr'><strong>f</strong></span> <span class='ocrx_word' id='word_1_197' title='bbox 1306 2508 1320 2520; x_wconf 94' lang='lat'><em>·</em></span> 
     </span>
     <span class='ocr_line' id='line_1_21' title="bbox 184 2574 1318 2657; baseline 0.003 -17"><span class='ocrx_word' id='word_1_198' title='bbox 184 2593 263 2640; x_wconf 88' lang='lat' dir='ltr'><strong>cere.</strong></span> <span class='ocrx_word' id='word_1_199' title='bbox 292 2574 334 2639; x_wconf 84' lang='lat' dir='ltr'><strong>Jn</strong></span> <span class='ocrx_word' id='word_1_200' title='bbox 355 2574 477 2656; x_wconf 85' lang='lat' dir='ltr'><strong>signum</strong></span> <span class='ocrx_word' id='word_1_201' title='bbox 499 2592 572 2656; x_wconf 84' lang='lat' dir='ltr'><strong>ergo</strong></span> <span class='ocrx_word' id='word_1_202' title='bbox 595 2574 678 2657; x_wconf 90' lang='lat' dir='ltr'><strong>quod</strong></span> <span class='ocrx_word' id='word_1_203' title='bbox 699 2574 753 2639; x_wconf 88' lang='lat' dir='ltr'><strong>illa</strong></span> <span class='ocrx_word' id='word_1_204' title='bbox 769 2575 959 2640; x_wconf 87' lang='lat' dir='ltr'><strong>divinissima</strong></span> <span class='ocrx_word' id='word_1_205' title='bbox 972 2593 1087 2656; x_wconf 90' lang='lat' dir='ltr'><strong>sponsa</strong></span> <span class='ocrx_word' id='word_1_206' title='bbox 1097 2594 1154 2641; x_wconf 91' lang='lat' dir='ltr'><strong>suo</strong></span> <span class='ocrx_word' id='word_1_207' title='bbox 1169 2576 1318 2657; x_wconf 88' lang='lat' dir='ltr'><strong>discipulo</strong></span> 
     </span>
     <span class='ocr_line' id='line_1_22' title="bbox 184 2678 1321 2768; baseline 0.002 -24"><span class='ocrx_word' id='word_1_208' title='bbox 184 2678 278 2745; x_wconf 90' lang='lat' dir='ltr'><strong>debet</strong></span> <span class='ocrx_word' id='word_1_209' title='bbox 298 2696 366 2744; x_wconf 90' lang='lat' dir='ltr'><strong>esse</strong></span> <span class='ocrx_word' id='word_1_210' title='bbox 386 2678 445 2744; x_wconf 91' lang='lat' dir='ltr'><strong>hoc</strong></span> <span class='ocrx_word' id='word_1_211' title='bbox 465 2682 569 2768; x_wconf 25' lang='lat' dir='ltr'><strong>toturn·</strong></span> <span class='ocrx_word' id='word_1_212' title='bbox 588 2679 672 2762; x_wconf 90' lang='lat' dir='ltr'><strong>quod</strong></span> <span class='ocrx_word' id='word_1_213' title='bbox 701 2684 749 2745; x_wconf 88' lang='lat' dir='ltr'><strong>est</strong></span> <span class='ocrx_word' id='word_1_214' title='bbox 776 2679 882 2761; x_wconf 83' lang='lat' dir='ltr'><strong>gaudii</strong></span> <span class='ocrx_word' id='word_1_215' title='bbox 910 2696 947 2743; x_wconf 93' lang='lat' dir='ltr'><strong>ac</strong></span> <span class='ocrx_word' id='word_1_216' title='bbox 974 2679 1080 2743; x_wconf 87' lang='lat' dir='ltr'><strong>solacii</strong></span> <span class='ocrx_word' id='word_1_217' title='bbox 1101 2683 1133 2743; x_wconf 90' lang='lat' dir='ltr'><strong>et</strong></span> <span class='ocrx_word' id='word_1_218' title='bbox 1154 2680 1267 2744; x_wconf 90' lang='lat' dir='ltr'><strong>amoris</strong></span> <span class='ocrx_word' id='word_1_219' title='bbox 1288 2680 1321 2746; x_wconf 92' lang='lat' dir='ltr'><strong>in</strong></span> 
     </span>
     <span class='ocr_line' id='line_1_23' title="bbox 184 2782 1322 2869; baseline 0.004 -21"><span class='ocrx_word' id='word_1_220' title='bbox 184 2782 244 2849; x_wconf 90' lang='lat' dir='ltr'><strong>hoc</strong></span> <span class='ocrx_word' id='word_1_221' title='bbox 263 2783 378 2849; x_wconf 93' lang='lat' dir='ltr'><strong>mundo</strong></span> <span class='ocrx_word' id='word_1_222' title='bbox 401 2788 433 2849; x_wconf 90' lang='lat' dir='ltr'><strong>et</strong></span> <span class='ocrx_word' id='word_1_223' title='bbox 452 2784 485 2849; x_wconf 93' lang='lat' dir='ltr'><strong>in</strong></span> <span class='ocrx_word' id='word_1_224' title='bbox 498 2783 677 2869; x_wconf 78' lang='lat' dir='ltr'><strong>(t)ii1turo:</strong></span> <span class='ocrx_word' id='word_1_225' title='bbox 706 2784 776 2850; x_wconf 91' lang='lat' dir='ltr'><strong>ideo</strong></span> <span class='ocrx_word' id='word_1_226' title='bbox 805 2802 862 2867; x_wconf 91' lang='lat' dir='ltr'><strong>pro</strong></span> <span class='ocrx_word' id='word_1_227' title='bbox 892 2783 1078 2848; x_wconf 78' lang='lat' dir='ltr'><strong>excitatione</strong></span> <span class='ocrx_word' id='word_1_228' title='bbox 1090 2782 1137 2867; x_wconf 88' lang='lat'><strong>(8)</strong></span> <span class='ocrx_word' id='word_1_229' title='bbox 1150 2783 1322 2852; x_wconf 85' lang='lat' dir='ltr'><strong>devocionis</strong></span> 
     </span>
     <span class='ocr_line' id='line_1_24' title="bbox 183 2886 1322 2970; baseline 0.004 -19"><span class='ocrx_word' id='word_1_230' title='bbox 183 2887 280 2970; x_wconf 89' lang='lat' dir='ltr'><strong>tepidi</strong></span> <span class='ocrx_word' id='word_1_231' title='bbox 300 2888 401 2955; x_wconf 90' lang='lat' dir='ltr'><strong>cordis</strong></span> <span class='ocrx_word' id='word_1_232' title='bbox 422 2889 471 2954; x_wconf 89' lang='lat' dir='ltr'><strong>sui</strong></span> <span class='ocrx_word' id='word_1_233' title='bbox 492 2886 585 2953; x_wconf 87' lang='lat' dir='ltr'><strong>iaciat</strong></span> <span class='ocrx_word' id='word_1_234' title='bbox 606 2889 686 2954; x_wconf 88' lang='lat' dir='ltr'><strong>sicut</strong></span> <span class='ocrx_word' id='word_1_235' title='bbox 707 2889 803 2970; x_wconf 89' lang='lat' dir='ltr'><strong>prius.</strong></span> <span class='ocrx_word' id='word_1_236' title='bbox 836 2887 946 2952; x_wconf 84' lang='lat' dir='ltr'><strong>Tereia</strong></span> <span class='ocrx_word' id='word_1_237' title='bbox 966 2905 1049 2966; x_wconf 90' lang='lat' dir='ltr'><strong>vero,</strong></span> <span class='ocrx_word' id='word_1_238' title='bbox 1073 2893 1120 2952; x_wconf 90' lang='lat' dir='ltr'><strong>est</strong></span> <span class='ocrx_word' id='word_1_239' title='bbox 1140 2888 1241 2970; x_wconf 90' lang='lat' dir='ltr'><strong>prima</strong></span> <span class='ocrx_word' id='word_1_240' title='bbox 1255 2889 1322 2957; x_wconf 89' lang='lat' dir='ltr'><strong>dies</strong></span> 
     </span>
     <span class='ocr_line' id='line_1_25' title="bbox 182 2991 1323 3074; baseline 0.005 -19"><span class='ocrx_word' id='word_1_241' title='bbox 182 2992 296 3056; x_wconf 91' lang='lat' dir='ltr'><strong>mensis</strong></span> <span class='ocrx_word' id='word_1_242' title='bbox 315 2991 364 3074; x_wconf 84' lang='grc'><strong>(9)</strong></span> <span class='ocrx_word' id='word_1_243' title='bbox 386 2992 476 3070; x_wconf 92' lang='lat' dir='ltr'><strong>maii,</strong></span> <span class='ocrx_word' id='word_1_244' title='bbox 499 3009 570 3056; x_wconf 92' lang='lat' dir='ltr'><strong>cum</strong></span> <span class='ocrx_word' id='word_1_245' title='bbox 591 2991 724 3057; x_wconf 88' lang='lat' dir='ltr'><strong>vernalis</strong></span> <span class='ocrx_word' id='word_1_246' title='bbox 745 2991 895 3058; x_wconf 89' lang='lat' dir='ltr'><strong>serenitas</strong></span> <span class='ocrx_word' id='word_1_247' title='bbox 917 2992 1058 3058; x_wconf 92' lang='lat' dir='ltr'><strong>omnibus</strong></span> <span class='ocrx_word' id='word_1_248' title='bbox 1078 2996 1169 3074; x_wconf 82' lang='lat' dir='ltr'><strong>grata</strong></span> <span class='ocrx_word' id='word_1_249' title='bbox 1190 2995 1221 3058; x_wconf 89' lang='lat' dir='ltr'><strong>et</strong></span> <span class='ocrx_word' id='word_1_250' title='bbox 1243 2994 1323 3061; x_wconf 90' lang='lat' dir='ltr'><strong>desi·</strong></span> 
     </span>
     <span class='ocr_line' id='line_1_26' title="bbox 184 3093 1321 3178; baseline 0.006 -21"><span class='ocrx_word' id='word_1_251' title='bbox 184 3093 327 3158; x_wconf 89' lang='lat' dir='ltr'><strong>derabilis</strong></span> <span class='ocrx_word' id='word_1_252' title='bbox 346 3094 453 3175; x_wconf 85' lang='lat' dir='ltr'><strong>incipit</strong></span> <span class='ocrx_word' id='word_1_253' title='bbox 473 3095 506 3158; x_wconf 92' lang='lat' dir='ltr'><strong>in</strong></span> <span class='ocrx_word' id='word_1_254' title='bbox 526 3099 612 3160; x_wconf 88' lang='lat' dir='ltr'><strong>terre</strong></span> <span class='ocrx_word' id='word_1_255' title='bbox 632 3096 873 3177; x_wconf 84' lang='lat' dir='ltr'><strong>germinantibus</strong></span> <span class='ocrx_word' id='word_1_256' title='bbox 894 3096 1022 3178; x_wconf 91' lang='lat' dir='ltr'><strong>pulchre</strong></span> <span class='ocrx_word' id='word_1_257' title='bbox 1047 3115 1207 3178; x_wconf 90' lang='lat' dir='ltr'><strong>apparere.</strong></span> <span class='ocrx_word' id='word_1_258' title='bbox 1240 3098 1321 3164; x_wconf 90' lang='lat' dir='ltr'><strong>Nam</strong></span> 
     </span>
     <span class='ocr_line' id='line_1_27' title="bbox 183 3199 1321 3284; baseline 0.006 -23"><span class='ocrx_word' id='word_1_259' title='bbox 183 3201 259 3261; x_wconf 91' lang='lat' dir='ltr'><strong>tunc</strong></span> <span class='ocrx_word' id='word_1_260' title='bbox 280 3199 466 3261; x_wconf 78' lang='lat' dir='ltr'><strong>consuetum</strong></span> <span class='ocrx_word' id='word_1_261' title='bbox 488 3203 551 3278; x_wconf 91' lang='lat' dir='ltr'><strong>est,</strong></span> <span class='ocrx_word' id='word_1_262' title='bbox 585 3203 617 3263; x_wconf 87' lang='lat' dir='ltr'><strong>et</strong></span> <span class='ocrx_word' id='word_1_263' title='bbox 637 3200 769 3264; x_wconf 86' lang='lat' dir='ltr'><strong>maxime</strong></span> <span class='ocrx_word' id='word_1_264' title='bbox 798 3200 830 3264; x_wconf 95' lang='lat' dir='ltr'><strong>in</strong></span> <span class='ocrx_word' id='word_1_265' title='bbox 858 3201 997 3282; x_wconf 88' lang='lat' dir='ltr'><strong>partibus</strong></span> <span class='ocrx_word' id='word_1_266' title='bbox 1024 3200 1133 3267; x_wconf 90' lang='lat' dir='ltr'><strong>Suevie</strong></span> <span class='ocrx_word' id='word_1_267' title='bbox 1150 3200 1220 3284; x_wconf 89' lang='grc'><strong>(10)</strong></span> <span class='ocrx_word' id='word_1_268' title='bbox 1238 3207 1321 3268; x_wconf 90' lang='lat' dir='ltr'><strong>terre</strong></span> 
     </span>
     <span class='ocr_line' id='line_1_28' title="bbox 184 3299 1321 3386; baseline 0.005 -19"><span class='ocrx_word' id='word_1_269' title='bbox 184 3300 335 3380; x_wconf 76' lang='lat' dir='ltr'><strong>almania,</strong></span> <span class='ocrx_word' id='word_1_270' title='bbox 357 3299 441 3382; x_wconf 89' lang='lat' dir='ltr'><strong>quod</strong></span> <span class='ocrx_word' id='word_1_271' title='bbox 462 3299 671 3369; x_wconf 84' lang='lat' dir='ltr'><strong>adolescentes</strong></span> <span class='ocrx_word' id='word_1_272' title='bbox 694 3303 732 3368; x_wconf 91' lang='lat' dir='ltr'><strong>de</strong></span> <span class='ocrx_word' id='word_1_273' title='bbox 754 3308 843 3369; x_wconf 90' lang='lat' dir='ltr'><strong>nocte</strong></span> <span class='ocrx_word' id='word_1_274' title='bbox 865 3305 958 3370; x_wconf 90' lang='lat' dir='ltr'><strong>silvas</strong></span> <span class='ocrx_word' id='word_1_275' title='bbox 986 3308 1112 3386; x_wconf 89' lang='lat' dir='ltr'><strong>petunt,</strong></span> <span class='ocrx_word' id='word_1_276' title='bbox 1143 3310 1175 3371; x_wconf 91' lang='lat' dir='ltr'><strong>et</strong></span> <span class='ocrx_word' id='word_1_277' title='bbox 1196 3307 1321 3373; x_wconf 86' lang='lat' dir='ltr'><strong>arbores</strong></span> 
     </span>
     <span class='ocr_line' id='line_1_29' title="bbox 183 3403 1322 3492; baseline 0.004 -20"><span class='ocrx_word' id='word_1_278' title='bbox 183 3405 340 3472; x_wconf 78' lang='lat' dir='ltr'><strong>viriditate</strong></span> <span class='ocrx_word' id='word_1_279' title='bbox 359 3403 504 3469; x_wconf 84' lang='lat' dir='ltr'><strong>foliorum</strong></span> <span class='ocrx_word' id='word_1_280' title='bbox 524 3409 669 3471; x_wconf 86' lang='lat' dir='ltr'><strong>venustas</strong></span> <span class='ocrx_word' id='word_1_281' title='bbox 690 3407 853 3489; x_wconf 84' lang='lat' dir='ltr'><strong>procidunt</strong></span> <span class='ocrx_word' id='word_1_282' title='bbox 864 3406 933 3489; x_wconf 91' lang='lat' dir='ltr'><strong>(ll)</strong></span> <span class='ocrx_word' id='word_1_283' title='bbox 945 3413 977 3472; x_wconf 90' lang='lat' dir='ltr'><strong>et</strong></span> <span class='ocrx_word' id='word_1_284' title='bbox 988 3407 1113 3474; x_wconf 90' lang='lat' dir='ltr'><strong>fioribus</strong></span> <span class='ocrx_word' id='word_1_285' title='bbox 1126 3414 1251 3476; x_wconf 86' lang='lat' dir='ltr'><strong>ornatas</strong></span> <span class='ocrx_word' id='word_1_286' title='bbox 1264 3429 1322 3492; x_wconf 91' lang='lat' dir='ltr'><strong>pre</strong></span> 
     </span>
     <span class='ocr_line' id='line_1_30' title="bbox 182 3508 1322 3596; baseline 0.004 -20"><span class='ocrx_word' id='word_1_287' title='bbox 182 3508 299 3577; x_wconf 83' lang='lat' dir='ltr'><strong>foribus</strong></span> <span class='ocrx_word' id='word_1_288' title='bbox 320 3509 424 3574; x_wconf 90' lang='lat' dir='ltr'><strong>locant</strong></span> <span class='ocrx_word' id='word_1_289' title='bbox 444 3509 498 3574; x_wconf 93' lang='lat' dir='ltr'><strong>nbi</strong></span> <span class='ocrx_word' id='word_1_290' title='bbox 518 3527 552 3575; x_wconf 90' lang='lat' dir='ltr'><strong>se</strong></span> <span class='ocrx_word' id='word_1_291' title='bbox 572 3513 685 3591; x_wconf 89' lang='lat' dir='ltr'><strong>putant</strong></span> <span class='ocrx_word' id='word_1_292' title='bbox 704 3510 1035 3595; x_wconf 80' lang='lat' dir='ltr'><strong>habere(12)amicas,</strong></span> <span class='ocrx_word' id='word_1_293' title='bbox 1057 3513 1089 3578; x_wconf 92' lang='lat' dir='ltr'><strong>in</strong></span> <span class='ocrx_word' id='word_1_294' title='bbox 1110 3514 1231 3596; x_wconf 82' lang='lat' dir='ltr'><strong>signnm</strong></span> <span class='ocrx_word' id='word_1_295' title='bbox 1246 3515 1322 3580; x_wconf 92' lang='lat' dir='ltr'><strong>ami-</strong></span> 
     </span>
     <span class='ocr_line' id='line_1_31' title="bbox 184 3612 1322 3700; baseline 0.007 -22"><span class='ocrx_word' id='word_1_296' title='bbox 184 3613 259 3679; x_wconf 89' lang='lat' dir='ltr'><strong>cicie</strong></span> <span class='ocrx_word' id='word_1_297' title='bbox 280 3616 313 3678; x_wconf 89' lang='lat' dir='ltr'><strong>et</strong></span> <span class='ocrx_word' id='word_1_298' title='bbox 329 3612 495 3679; x_wconf 83' lang='lat' dir='ltr'><strong>fidelitatis.</strong></span> <span class='ocrx_word' id='word_1_299' title='bbox 517 3613 568 3679; x_wconf 85' lang='lat' dir='ltr'><strong>Sic</strong></span> <span class='ocrx_word' id='word_1_300' title='bbox 582 3632 655 3697; x_wconf 83' lang='lat' dir='ltr'><strong>ergo</strong></span> <span class='ocrx_word' id='word_1_301' title='bbox 668 3619 704 3680; x_wconf 89' lang='lat' dir='ltr'><strong>nt</strong></span> <span class='ocrx_word' id='word_1_302' title='bbox 718 3634 756 3681; x_wconf 84' lang='lat' dir='ltr'><strong>ex</strong></span> <span class='ocrx_word' id='word_1_303' title='bbox 768 3615 874 3697; x_wconf 88' lang='lat' dir='ltr'><strong>iniquo</strong></span> <span class='ocrx_word' id='word_1_304' title='bbox 886 3616 1037 3700; x_wconf 90' lang='lat' dir='ltr'><strong>principio</strong></span> <span class='ocrx_word' id='word_1_305' title='bbox 1053 3618 1201 3684; x_wconf 91' lang='lat' dir='ltr'><strong>confletur</strong></span> <span class='ocrx_word' id='word_1_306' title='bbox 1213 3624 1322 3687; x_wconf 90' lang='lat' dir='ltr'><strong>sancta</strong></span> 
     </span>
     <span class='ocr_line' id='line_1_32' title="bbox 185 3717 1320 3802; baseline 0.009 -19"><span class='ocrx_word' id='word_1_307' title='bbox 185 3717 320 3798; x_wconf 89' lang='lat' dir='ltr'><strong>devocio,</strong></span> <span class='ocrx_word' id='word_1_308' title='bbox 342 3718 422 3784; x_wconf 83' lang='lat' dir='ltr'><strong>sicut</strong></span> <span class='ocrx_word' id='word_1_309' title='bbox 443 3722 475 3783; x_wconf 92' lang='lat' dir='ltr'><strong>et</strong></span> <span class='ocrx_word' id='word_1_310' title='bbox 496 3718 535 3783; x_wconf 93' lang='lat' dir='ltr'><strong>de</strong></span> <span class='ocrx_word' id='word_1_311' title='bbox 555 3719 656 3800; x_wconf 91' lang='lat' dir='ltr'><strong>prima</strong></span> <span class='ocrx_word' id='word_1_312' title='bbox 678 3719 728 3784; x_wconf 92' lang='lat' dir='ltr'><strong>die</strong></span> <span class='ocrx_word' id='word_1_313' title='bbox 749 3720 863 3785; x_wconf 91' lang='lat' dir='ltr'><strong>mensis</strong></span> <span class='ocrx_word' id='word_1_314' title='bbox 885 3722 1007 3802; x_wconf 83' lang='lat' dir='ltr'><strong>augrvsti</strong></span> <span class='ocrx_word' id='word_1_315' title='bbox 1022 3724 1159 3789; x_wconf 91' lang='lat' dir='ltr'><strong>noscitur</strong></span> <span class='ocrx_word' id='word_1_316' title='bbox 1172 3726 1211 3790; x_wconf 90' lang='lat' dir='ltr'><strong>ab</strong></span> <span class='ocrx_word' id='word_1_317' title='bbox 1224 3729 1320 3794; x_wconf 87' lang='lat' dir='ltr'><strong>eccle-</strong></span> 
     </span>
     <span class='ocr_line' id='line_1_33' title="bbox 183 3819 1320 3914; baseline 0.008 -25"><span class='ocrx_word' id='word_1_318' title='bbox 183 3822 232 3889; x_wconf 86' lang='lat' dir='ltr'><strong>sia</strong></span> <span class='ocrx_word' id='word_1_319' title='bbox 250 3819 366 3887; x_wconf 86' lang='lat' dir='ltr'><strong>iactum</strong></span> <span class='ocrx_word' id='word_1_320' title='bbox 388 3840 465 3904; x_wconf 88' lang='lat' dir='ltr'><strong>esse,</strong></span> <span class='ocrx_word' id='word_1_321' title='bbox 487 3821 547 3888; x_wconf 91' lang='lat' dir='ltr'><strong>hoc</strong></span> <span class='ocrx_word' id='word_1_322' title='bbox 567 3824 650 3906; x_wconf 91' lang='lat' dir='ltr'><strong>quod</strong></span> <span class='ocrx_word' id='word_1_323' title='bbox 672 3824 710 3888; x_wconf 89' lang='lat' dir='ltr'><strong>ab</strong></span> <span class='ocrx_word' id='word_1_324' title='bbox 731 3823 792 3889; x_wconf 91' lang='lat' dir='ltr'><strong>illis</strong></span> <span class='ocrx_word' id='word_1_325' title='bbox 808 3842 998 3907; x_wconf 88' lang='lat' dir='ltr'><strong>supervacue</strong></span> <span class='ocrx_word' id='word_1_326' title='bbox 1010 3824 1047 3892; x_wconf 91' lang='lat' dir='ltr'><strong>fit</strong></span> <span class='ocrx_word' id='word_1_327' title='bbox 1058 3827 1174 3893; x_wconf 92' lang='lat' dir='ltr'><strong>bomini</strong></span> <span class='ocrx_word' id='word_1_328' title='bbox 1187 3833 1320 3914; x_wconf 86' lang='lat' dir='ltr'><strong>mortali,</strong></span> 
     </span>
    </p>
   </div>
   <div class='ocr_carea' id='block_1_5' title="bbox 184 3993 1321 4336">
    <p class='ocr_par' dir='ltr' id='par_1_5' title="bbox 184 3993 1321 4336">
     <span class='ocr_line' id='line_1_34' title="bbox 249 3993 1321 4082; baseline 0.004 -20"><span class='ocrx_word' id='word_1_329' title='bbox 249 3993 284 4062; x_wconf 81' lang='lat' dir='ltr'><strong>(l)</strong></span> <span class='ocrx_word' id='word_1_330' title='bbox 305 3998 346 4057; x_wconf 90' lang='lat' dir='ltr'><strong>hii</strong></span> <span class='ocrx_word' id='word_1_331' title='bbox 359 4015 408 4057; x_wconf 86' lang='lat' dir='ltr'><strong>om</strong></span> <span class='ocrx_word' id='word_1_332' title='bbox 428 3997 483 4059; x_wconf 87' lang='lat' dir='ltr'><strong>AB</strong></span> <span class='ocrx_word' id='word_1_333' title='bbox 504 4033 549 4043; x_wconf 90' lang='lat'>—</span> <span class='ocrx_word' id='word_1_334' title='bbox 570 3994 605 4064; x_wconf 72' lang='lat'><strong>(²)</strong></span> <span class='ocrx_word' id='word_1_335' title='bbox 626 3998 702 4060; x_wconf 69' lang='grc' dir='ltr'><strong>ΑΒ]</strong></span> <span class='ocrx_word' id='word_1_336' title='bbox 711 4000 904 4063; x_wconf 86' lang='lat' dir='ltr'><strong>dulcissimam</strong></span> <span class='ocrx_word' id='word_1_337' title='bbox 919 4037 964 4046; x_wconf 90' lang='lat'><strong>—</strong></span> <span class='ocrx_word' id='word_1_338' title='bbox 986 3999 1020 4068; x_wconf 84' lang='lat'><strong>(3)</strong></span> <span class='ocrx_word' id='word_1_339' title='bbox 1042 4003 1096 4063; x_wconf 88' lang='lat' dir='ltr'><strong>AB</strong></span> <span class='ocrx_word' id='word_1_340' title='bbox 1108 4005 1254 4082; x_wconf 84' lang='lat' dir='ltr'><strong>discipulis</strong></span> <span class='ocrx_word' id='word_1_341' title='bbox 1277 4040 1321 4051; x_wconf 89' lang='lat'><em>-</em></span> 
     </span>
     <span class='ocr_line' id='line_1_35' title="bbox 184 4081 1320 4167; baseline 0.009 -24"><span class='ocrx_word' id='word_1_342' title='bbox 184 4081 220 4152; x_wconf 84' lang='lat'><strong>(4)</strong></span> <span class='ocrx_word' id='word_1_343' title='bbox 242 4082 505 4145; x_wconf 84' lang='lat' dir='ltr'><strong>AEMbonore—</strong></span> <span class='ocrx_word' id='word_1_344' title='bbox 522 4082 556 4148; x_wconf 88' lang='lat'><strong>(5)</strong></span> <span class='ocrx_word' id='word_1_345' title='bbox 580 4085 657 4144; x_wconf 77' lang='grc' dir='ltr'><strong>(1οΡ</strong></span> <span class='ocrx_word' id='word_1_346' title='bbox 668 4088 819 4147; x_wconf 87' lang='lat' dir='ltr'><strong>baberi-</strong></span> <span class='ocrx_word' id='word_1_347' title='bbox 841 4084 876 4154; x_wconf 87' lang='lat'><strong>(6)</strong></span> <span class='ocrx_word' id='word_1_348' title='bbox 898 4090 1213 4167; x_wconf 82' lang='lat' dir='ltr'><strong>Hquadragesima—</strong></span> <span class='ocrx_word' id='word_1_349' title='bbox 1234 4088 1268 4157; x_wconf 83' lang='grc'><strong>(7)</strong></span> <span class='ocrx_word' id='word_1_350' title='bbox 1290 4095 1320 4153; x_wconf 92' lang='lat' dir='ltr'><strong>in</strong></span> 
     </span>
     <span class='ocr_line' id='line_1_36' title="bbox 185 4167 1319 4241; baseline 0.004 -7"><span class='ocrx_word' id='word_1_351' title='bbox 185 4190 234 4234; x_wconf 86' lang='lat' dir='ltr'><strong>om</strong></span> <span class='ocrx_word' id='word_1_352' title='bbox 255 4172 333 4232; x_wconf 84' lang='lat' dir='ltr'><strong>CDP</strong></span> <span class='ocrx_word' id='word_1_353' title='bbox 355 4204 399 4214; x_wconf 95' lang='lat'>—</span> <span class='ocrx_word' id='word_1_354' title='bbox 421 4167 456 4237; x_wconf 73' lang='grc'><strong>(8)</strong></span> <span class='ocrx_word' id='word_1_355' title='bbox 478 4170 660 4233; x_wconf 82' lang='lat' dir='ltr'><strong>ACGHJLP</strong></span> <span class='ocrx_word' id='word_1_356' title='bbox 672 4178 876 4236; x_wconf 82' lang='lat' dir='ltr'><strong>exereitacione</strong></span> <span class='ocrx_word' id='word_1_357' title='bbox 891 4210 935 4220; x_wconf 88' lang='lat'>—</span> <span class='ocrx_word' id='word_1_358' title='bbox 957 4173 990 4241; x_wconf 86' lang='grc'><strong>(9)</strong></span> <span class='ocrx_word' id='word_1_359' title='bbox 1012 4180 1117 4237; x_wconf 88' lang='lat' dir='ltr'><strong>mensis</strong></span> <span class='ocrx_word' id='word_1_360' title='bbox 1135 4196 1184 4236; x_wconf 88' lang='lat' dir='ltr'><strong>om</strong></span> <span class='ocrx_word' id='word_1_361' title='bbox 1205 4175 1259 4237; x_wconf 84' lang='grc' dir='ltr'><strong>ΑΕ</strong></span> <span class='ocrx_word' id='word_1_362' title='bbox 1275 4212 1319 4223; x_wconf 90' lang='grc'>-</span> 
     </span>
     <span class='ocr_line' id='line_1_37' title="bbox 185 4255 1320 4336; baseline 0.002 -13"><span class='ocrx_word' id='word_1_363' title='bbox 185 4255 237 4323; x_wconf 83' lang='grc'><strong>(101</strong></span> <span class='ocrx_word' id='word_1_364' title='bbox 259 4258 288 4319; x_wconf 81' lang='lat' dir='ltr'>G</span> <span class='ocrx_word' id='word_1_365' title='bbox 308 4258 428 4336; x_wconf 82' lang='lat' dir='ltr'><strong>Suavie3</strong></span> <span class='ocrx_word' id='word_1_366' title='bbox 450 4274 522 4319; x_wconf 80' lang='lat' dir='ltr'><strong>mor</strong></span> <span class='ocrx_word' id='word_1_367' title='bbox 543 4257 571 4319; x_wconf 90' lang='lat' dir='ltr'><strong>A</strong></span> <span class='ocrx_word' id='word_1_368' title='bbox 592 4259 745 4321; x_wconf 85' lang='lat' dir='ltr'><strong>Almannie</strong></span> <span class='ocrx_word' id='word_1_369' title='bbox 789 4262 847 4323; x_wconf 85' lang='lat' dir='ltr'><strong>GH</strong></span> <span class='ocrx_word' id='word_1_370' title='bbox 868 4263 1020 4324; x_wconf 86' lang='lat' dir='ltr'><strong>Alamanie</strong></span> <span class='ocrx_word' id='word_1_371' title='bbox 1063 4263 1096 4322; x_wconf 90' lang='lat' dir='ltr'>M</span> <span class='ocrx_word' id='word_1_372' title='bbox 1113 4262 1263 4325; x_wconf 88' lang='lat' dir='ltr'><strong>Alemanie</strong></span> <span class='ocrx_word' id='word_1_373' title='bbox 1275 4300 1320 4310; x_wconf 95' lang='lat'>—</span> 
     </span>
    </p>
   </div>
   <div class='ocr_carea' id='block_1_6' title="bbox 185 4340 1320 4598">
    <p class='ocr_par' dir='ltr' id='par_1_6' title="bbox 185 4340 1320 4598">
     <span class='ocr_line' id='line_1_38' title="bbox 185 4340 1320 4428; baseline 0.009 -21"><span class='ocrx_word' id='word_1_374' title='bbox 185 4340 237 4408; x_wconf 88' lang='lat'>(11)</span> <span class='ocrx_word' id='word_1_375' title='bbox 265 4344 346 4406; x_wconf 80' lang='lat' dir='ltr'><strong>BFG</strong></span> <span class='ocrx_word' id='word_1_376' title='bbox 354 4346 521 4423; x_wconf 82' lang='lat' dir='ltr'><strong>praecidunt</strong></span> <span class='ocrx_word' id='word_1_377' title='bbox 561 4347 781 4425; x_wconf 85' lang='lat' dir='ltr'><strong>Lpreacindunt</strong></span> <span class='ocrx_word' id='word_1_378' title='bbox 807 4382 852 4393; x_wconf 91' lang='lat'>—</span> <span class='ocrx_word' id='word_1_379' title='bbox 878 4345 929 4415; x_wconf 73' lang='grc' dir='ltr'><strong>(Ῑῖ)</strong></span> <span class='ocrx_word' id='word_1_380' title='bbox 958 4351 1008 4410; x_wconf 82' lang='lat' dir='ltr'><strong>FP</strong></span> <span class='ocrx_word' id='word_1_381' title='bbox 1021 4355 1123 4428; x_wconf 89' lang='lat' dir='ltr'><strong>putant</strong></span> <span class='ocrx_word' id='word_1_382' title='bbox 1152 4368 1184 4412; x_wconf 87' lang='lat' dir='ltr'><strong>se</strong></span> <span class='ocrx_word' id='word_1_383' title='bbox 1212 4351 1320 4416; x_wconf 86' lang='lat' dir='ltr'><strong>habere</strong></span> 
     </span>
     <span class='ocr_line' id='line_1_39' title="bbox 185 4428 498 4509; baseline 0.022 -21"><span class='ocrx_word' id='word_1_384' title='bbox 185 4428 207 4489; x_wconf 91' lang='lat' dir='ltr'><strong>J</strong></span> <span class='ocrx_word' id='word_1_385' title='bbox 216 4447 249 4491; x_wconf 86' lang='lat' dir='ltr'><strong>se</strong></span> <span class='ocrx_word' id='word_1_386' title='bbox 269 4430 376 4492; x_wconf 87' lang='lat' dir='ltr'><strong>habere</strong></span> <span class='ocrx_word' id='word_1_387' title='bbox 396 4440 498 4509; x_wconf 80' lang='lat' dir='ltr'><strong>putant</strong></span> 
     </span>
     <span class='ocr_line' id='line_1_40' title="bbox 1066 4526 1113 4598; baseline -0.021 0"><span class='ocrx_word' id='word_1_388' title='bbox 1066 4526 1113 4598; x_wconf 86' lang='lat'><strong>15</strong></span> 
     </span>
    </p>
   </div>
   <div class='ocr_carea' id='block_1_7' title="bbox 0 0 1519 5196">
    <p class='ocr_par' dir='ltr' id='par_1_7' title="bbox 0 0 1519 5196">
     <span class='ocr_line' id='line_1_41' title="bbox 0 0 1519 5196; baseline 0 0"><span class='ocrx_word' id='word_1_389' title='bbox 0 0 1519 5196; x_wconf 95' lang='lat' dir='ltr'><strong> </strong></span> 
     </span>
    </p>
   </div>
  </div>
 </body>
</html>
