3232 5130
414 341 476 404 140

410 483 461 541 ter
480 476 572 541 beata
592 475 754 541 advertere
783 474 926 558 potuisti,
958 473 1102 557 quociens
1130 492 1181 538 me
1208 473 1360 541 suavitate
1386 473 1555 539 verborum

411 597 537 645 suorum
559 580 648 662 quasi
668 579 769 644 lactea
789 580 923 662 quadam
944 578 1043 644 linivit
1054 577 1102 662 (1)
1116 577 1290 658 dulcedine,
1314 583 1346 643 et
1365 597 1472 644 rursus
1494 578 1555 643 do-

410 682 580 749 minacione
601 701 659 748 sua
680 683 768 764 quasi
790 684 1002 748 austeritatem
1023 683 1087 747 vini
1105 681 1384 764 superinfumdendo
1398 681 1490 747 michi
1510 681 1554 747 ti-

411 805 530 851 morem
550 787 685 852 incussit.
720 786 802 851 Hinc
822 785 975 871 verbam)
988 786 1222 865 consolacionis,
1251 786 1334 851 illinc
1361 786 1489 850 verbera
1500 785 1553 868 (3)

413 890 558 956 exhibens
579 891 717 956 districte
742 891 972 975 correpcionis(
994 890 1017 973 ).
1050 890 1093 955 Et
1122 909 1191 956 cum
1219 891 1319 972 ipsum
1346 891 1408 955 iam
1434 889 1555 954 habere

411 993 562 1077 velud(5)
574 1013 720 1076 sponsum
740 994 939 1060 karissimum
959 995 1141 1076 gauderem,
1169 994 1269 1060 subito
1295 994 1461 1059 divinitatis
1482 993 1554 1057 eius

410 1098 625 1178 recordacione
646 1098 844 1181 stupefactum,
865 1103 901 1163 ut
921 1098 1052 1164 iudicem
1073 1115 1177 1164 meum
1198 1098 1393 1180 deprecabar.
1422 1097 1553 1161 Etcum

410 1202 566 1266 interdum
587 1202 636 1267 lac
656 1207 802 1285 peterem,
825 1203 947 1286 repulit,
972 1208 1004 1268 et
1025 1203 1113 1284 quasi
1134 1202 1314 1268 ablactando
1336 1219 1429 1284 super
1449 1204 1554 1264 matre

411 1304 695 1387 sua(6)acetosam
716 1305 852 1372 exhibuit
878 1307 1099 1373 austeritatem.
1134 1305 1314 1371 luentem
1342 1304 1437 1387 quid?
1467 1302 1554 1368 Vere

412 1428 433 1474 a
452 1409 559 1491 planta
578 1411 666 1492 podis
687 1429 785 1493 usque
805 1411 846 1476 ad
867 1411 1012 1477 verticem
1030 1408 1096 1476 'uon
1118 1415 1166 1476 est
1185 1411 1218 1475 in
1236 1415 1268 1475 te
1283 1411 1449 1492 quidquam
1464 1426 1554 1483 ama-

410 1512 553 1578 ritudinis
574 1513 624 1578 vel
645 1514 850 1593 austeritatis,
880 1515 936 1579 sed
956 1517 1057 1580 totum
1079 1514 1162 1595 quod
1181 1514 1215 1578 in
1236 1519 1268 1579 te
1293 1519 1357 1593 est,
1385 1515 1556 1596 pmissima

411 1619 460 1682 est
481 1615 620 1697 dulcedo,
642 1617 903 1699 inconparabilem
923 1617 1042 1683 habens
1064 1618 1257 1697 suavitatem,
1280 1617 1416 1683 omnium
1428 1636 1555 1683 aroma·

411 1724 478 1786 tum
505 1725 538 1809 et
565 1725 771 1802 ungentorum
801 1740 951 1804 superans
978 1719 1286 1804 fragranciam(l)et
1312 1721 1553 1804 preciositatem.

411 1823 491 1893 Tota
503 1812 639 1890 'formosa
651 1826 838 1891 etsuarises
851 1825 909 1908 (8),
932 1825 1102 1891 nilhabens
1121 1825 1295 1891 duricievel
1310 1804 1501 1910 severitatis(
1527 1825 1554 1908 ).

409 1928 501 1995 Facie
521 1929 663 2011 benigna,
685 1929 774 1995 vultu
795 1947 920 2009 serena,
947 1930 1048 1995 verbis
1068 1930 1203 2010 mellita,
1225 1930 1345 2010 suavis,
1368 1935 1401 1996 et
1421 1930 1553 2010 decora,

409 2033 546 2099 bonitate
567 2032 706 2114 fecunda,
729 2035 833 2116 gracia
853 2034 954 2117 plena.
987 2034 1029 2105 Jn
1050 2038 1083 2099 te
1103 2052 1238 2116 namque
1260 2034 1358 2100 omnis
1381 2034 1484 2115 gracia
1499 2034 1554 2099 vie

410 2142 443 2203 et
462 2138 616 2218 veritatis,
638 2138 671 2203 in
692 2142 725 2204 te
746 2139 844 2205 omnis
866 2157 937 2221 spes
959 2139 1022 2203 vite
1044 2143 1077 2203 et
1097 2139 1219 2204 virtutis
1232 2139 1313 2222 (10).
1345 2138 1457 2203 Vinum
1479 2156 1554 2204 cum

408 2241 490 2307 lacte
511 2243 631 2324 sugitur
641 2241 743 2326 (11)a
764 2243 920 2326 sapiencia
941 2247 1066 2323 eterna,
1088 2244 1143 2309 sed
1164 2242 1252 2309 lamus
1275 2261 1344 2308 cum
1365 2243 1456 2308 melle
1476 2260 1496 2306 a
1515 2247 1553 2307 te

409 2347 589 2428 suscipitur,
618 2347 746 2413 dulcedo
775 2348 948 2430 punissimo.
983 2348 1049 2426 Que
1077 2351 1151 2413 sumt
1178 2350 1283 2412 autem
1294 2346 1365 2430 (12)
1375 2347 1434 2412 hec
1453 2348 1554 2412 ubera

409 2454 465 2514 tua
486 2449 682 2516 dulcissima?
713 2451 845 2518 Prorsus
867 2451 924 2517 hec
945 2449 1027 2532 sunt,
1051 2452 1168 2517 scilicet
1189 2451 1272 2534 quod
1289 2469 1397 2516 omnes
1410 2445 1556 2533 peccato·

409 2573 460 2620 res
481 2554 551 2621 sinu
573 2556 683 2638 recipis
705 2556 940 2638 benignissimo,
971 2560 1003 2621 et
1023 2559 1164 2637 receptos
1189 2559 1244 2620 tuo
1264 2552 1397 2620 fideliter
1416 2555 1554 2621 reconsi-

408 2642 466 2725 'lias
487 2657 559 2726 filio.
594 2659 621 2724 Ο
643 2659 807 2725 thesaurus
829 2660 985 2742 preciosus
1008 2659 1200 2725 miserorum.
1233 2659 1375 2724 Eu‘cum
1396 2678 1554 2726 summum

409 2780 514 2845 regem
535 2763 691 2844 peccando
713 2764 913 2845 perdidimus,
938 2781 1007 2828 cum
1022 2761 1203 2828 offendimus
1216 2763 1351 2844 angelos,
1371 2781 1439 2828 oum
1453 2763 1553 2829 eciam

410 2867 498 2932 nobis
518 2867 657 2949 metipsis
678 2886 788 2949 graves
811 2887 932 2948 sumus,
963 2872 995 2932 et
1024 2868 1147 2933 omnino
1176 2868 1329 2934 nescimus
1361 2868 1437 2949 quid
1457 2885 1554 2948 agere

411 2970 592 3036 debeamus:
615 2971 674 3037 hoc
694 2972 794 3037 solum
815 2976 913 3037 restat
934 2970 1062 3051 miseris,
1086 2976 1122 3037 ut
1143 2972 1247 3037 oculos
1269 2972 1369 3038 cordis
1391 2976 1424 3037 et
1441 2990 1553 3053 corpo-

410 3074 462 3168 ris
474 3075 515 3138 ad
535 3078 568 3138 te
589 3075 741 3156 levemus,
765 3075 923 3141 consilium
944 3079 1125 3158 querentes,
1147 3080 1289 3158 petentes
1311 3075 1551 3159 euxinumpa).

410 3177 438 3242 O
460 3179 611 3244 exultacio
635 3179 735 3246 cordis
756 3180 827 3260 mei,
850 3180 941 3245 unica
962 3197 1033 3262 spes
1048 3184 1080 3244 et
1091 3180 1238 3262 gaudium
1253 3180 1316 3245 vite
1329 3198 1407 3260 mee,
1429 3180 1551 3246 Tuscis

410 3282 553 3364 quociens
576 3300 681 3349 omaro
703 3284 815 3364 animo,
839 3284 930 3351 corde
951 3284 1084 3363 turbato,
1098 3283 1176 3349 iacie
1189 3284 1360 3365 lacrimosa,
1377 3302 1446 3348 cum
1458 3284 1551 3349 deum

409 3385 597 3452 offenderam
619 3391 652 3452 et
672 3405 722 3452 me
742 3386 839 3453 filium
859 3388 989 3458 iehenne
1009 3387 1148 3452 futurum
1169 3388 1368 3468 estimabam,
1398 3406 1467 3452 cum
1491 3388 1551 3452 ini-

408 3490 495 3563 micis
517 3491 653 3574 undique
673 3492 805 3557 vallatus
827 3491 962 3557 fueram:
986 3491 1091 3556 oculos
1112 3492 1152 3556 ad
1181 3496 1213 3555 te
1241 3492 1379 3574 piissima
1398 3493 1484 3574 virgo
1505 3492 1550 3557 le-

407 3595 492 3674 vavi,
516 3599 548 3661 et
569 3599 623 3661 tuo
646 3595 797 3679 adiutorio
819 3597 906 3678 virgo
927 3596 1019 3661 beata
1041 3595 1124 3660 evasi
1144 3596 1282 3677 pericula
1310 3600 1428 3662 cuncta.
1465 3595 1550 3660 Gau-

408 3685 502 3763 decnt
523 3699 575 3763 alii
596 3700 635 3764 de
656 3719 713 3766 sua
733 3700 920 3780 innocencia,
943 3701 995 3765 alii
1015 3700 1149 3765 letentur
1171 3699 1210 3764 de
1224 3700 1403 3765 meritorum
1422 3719 1549 3766 suorum

408 3801 505 3883 copie,
528 3802 580 3866 alii
600 3802 639 3868 d'e
653 3804 703 3868 dei
716 3805 925 3870 misericordia
939 3804 1105 3868 immediate
1120 3804 1273 3870 exultent:
1296 3804 1343 3868 Tu
1356 3809 1456 3871 mater
1467 3825 1547 3887 mea,

473 3972 507 4042 (1)
529 3975 846 4044 enuntientur-(2)
868 3979 1060 4040 CDEFHLM
1071 3984 1215 4042 ubera—
1229 3977 1264 4046 (3)
1275 3981 1331 4041 OM
1342 3983 1432 4043 ubera
1463 3981 1548 4042 ABG

407 4065 497 4125 verba
517 4098 562 4110 -
582 4060 616 4130 (4)
639 4065 913 4127 EJMcorreccionis
934 4101 979 4112 —
1001 4063 1040 4132 (5)
1058 4069 1150 4129 ΟΡίιῖ
1170 4103 1214 4113 -
1243 4066 1277 4134 (6)
1306 4071 1389 4129 Paot
1416 4072 1491 4144 130,
1518 4073 1547 4129 2.

406 4184 450 4195 —
471 4147 505 4218 (7)
528 4151 751 4229 Airaglnnciam
795 4152 839 4213 Ο.)
850 4154 1032 4230 flagrantiam
1054 4189 1098 4199 —
1119 4152 1153 4220 (8)
1174 4157 1224 4215 FP
1236 4173 1266 4215 es
1289 4162 1318 4214 et
1339 4159 1436 4215 suavis
1478 4155 1547 4217 Aet

407 4241 504 4298 mavis
525 4273 569 4284 -
592 4234 626 4304 (9)
650 4239 697 4300 ΟΡ
710 4243 882 4301 austeritatis
902 4274 947 4284 -
968 4238 1018 4307 (10)
1039 4243 1127 4305 ans
1149 4247 1196 4315 24,
1218 4246 1265 4302 25.
1293 4274 1336 4286 —
1357 4237 1409 4306 (11)
1432 4243 1546 4318 Msug-

406 4325 483 4400 gitur
510 4322 628 4391 -(11)
651 4326 816 4388 ADautem
839 4335 920 4407 sunt;
948 4346 1019 4388 moe
1040 4328 1314 4390 A'ODGHMrerba
1344 4363 1388 4374 —
1416 4325 1467 4394 (13)
1497 4328 1546 4388 GP

406 4409 543 4471 auxilinm
562 4418 692 4489 petentes
854 4426 859 4435 ·
1282 4438 1284 4447 ·
