<?xml version="1.0" encoding="UTF-8"?>
<!DOCTYPE html PUBLIC "-//W3C//DTD XHTML 1.0 Transitional//EN"
    "http://www.w3.org/TR/xhtml1/DTD/xhtml1-transitional.dtd">
<html xmlns="http://www.w3.org/1999/xhtml" xml:lang="en" lang="en">
 <head>
  <title>
</title>
<meta http-equiv="Content-Type" content="text/html;charset=utf-8" />
  <meta name='ocr-system' content='tesseract 3.04.00' />
  <meta name='ocr-capabilities' content='ocr_page ocr_carea ocr_par ocr_line ocrx_word'/>
</head>
<body>
  <div class='ocr_page' id='page_1' title='image "./henricisusoniss00seusgoog_0050.png"; bbox 0 0 3232 5130; ppageno 0'>
   <div class='ocr_carea' id='block_1_1' title="bbox 1335 393 1377 452">
    <p class='ocr_par' dir='ltr' id='par_1_1' title="bbox 1335 393 1377 452">
     <span class='ocr_line' id='line_1_1' title="bbox 1335 393 1377 452; baseline 0 0"><span class='ocrx_word' id='word_1_1' title='bbox 1335 393 1377 452; x_wconf 80' lang='lat'>47</span> 
     </span>
    </p>
   </div>
   <div class='ocr_carea' id='block_1_2' title="bbox 170 526 1396 2679">
    <p class='ocr_par' dir='ltr' id='par_1_2' title="bbox 170 526 1381 1957">
     <span class='ocr_line' id='line_1_2' title="bbox 170 526 1377 610; baseline -0.004 -13"><span class='ocrx_word' id='word_1_2' title='bbox 170 570 177 579; x_wconf 93' lang='lat'>-</span> <span class='ocrx_word' id='word_1_3' title='bbox 232 531 369 597; x_wconf 89' lang='lat' dir='ltr'>dileccio.</span> <span class='ocrx_word' id='word_1_4' title='bbox 408 530 451 593; x_wconf 87' lang='lat' dir='ltr'>Et</span> <span class='ocrx_word' id='word_1_5' title='bbox 472 529 643 593; x_wconf 85' lang='lat' dir='ltr'>fraternum</span> <span class='ocrx_word' id='word_1_6' title='bbox 665 528 770 592; x_wconf 88' lang='lat' dir='ltr'>odium</span> <span class='ocrx_word' id='word_1_7' title='bbox 791 526 960 592; x_wconf 69' lang='lat' dir='ltr'>lr’atemam</span> <span class='ocrx_word' id='word_1_8' title='bbox 973 526 1021 610; x_wconf 86' lang='lat' dir='ltr'>(l)</span> <span class='ocrx_word' id='word_1_9' title='bbox 1033 526 1252 608; x_wconf 78' lang='lat' dir='ltr'>supplantavit,</span> <span class='ocrx_word' id='word_1_10' title='bbox 1274 545 1377 608; x_wconf 83' lang='lat' dir='ltr'><strong>ymmo</strong></span> 
     </span>
     <span class='ocr_line' id='line_1_3' title="bbox 232 630 1378 713; baseline -0.004 -14"><span class='ocrx_word' id='word_1_11' title='bbox 232 640 268 699; x_wconf 92' lang='lat' dir='ltr'>ut</span> <span class='ocrx_word' id='word_1_12' title='bbox 287 635 390 700; x_wconf 89' lang='lat' dir='ltr'>verius</span> <span class='ocrx_word' id='word_1_13' title='bbox 413 633 513 697; x_wconf 90' lang='lat' dir='ltr'>dicam</span> <span class='ocrx_word' id='word_1_14' title='bbox 533 632 702 713; x_wconf 89' lang='lat' dir='ltr'>prostravit</span> <span class='ocrx_word' id='word_1_15' title='bbox 724 632 894 710; x_wconf 77' lang='lat' dir='ltr'>cantatem,</span> <span class='ocrx_word' id='word_1_16' title='bbox 917 635 954 694; x_wconf 92' lang='lat' dir='ltr'>ut</span> <span class='ocrx_word' id='word_1_17' title='bbox 967 630 1078 694; x_wconf 91' lang='lat' dir='ltr'>merito</span> <span class='ocrx_word' id='word_1_18' title='bbox 1098 630 1270 694; x_wconf 86' lang='lat' dir='ltr'>exclamare</span> <span class='ocrx_word' id='word_1_19' title='bbox 1283 630 1378 694; x_wconf 88' lang='lat' dir='ltr'>libeat</span> 
     </span>
     <span class='ocr_line' id='line_1_4' title="bbox 234 732 1377 818; baseline -0.006 -14"><span class='ocrx_word' id='word_1_20' title='bbox 234 756 303 804; x_wconf 89' lang='lat' dir='ltr'>cnm</span> <span class='ocrx_word' id='word_1_21' title='bbox 324 737 441 818; x_wconf 77' lang='lat' dir='ltr'>gemitur</span> <span class='ocrx_word' id='word_1_22' title='bbox 462 740 496 800; x_wconf 91' lang='lat' dir='ltr'>et</span> <span class='ocrx_word' id='word_1_23' title='bbox 516 735 631 814; x_wconf 89' lang='lat' dir='ltr'>dolore,</span> <span class='ocrx_word' id='word_1_24' title='bbox 654 752 690 799; x_wconf 85' lang='lat' dir='ltr'>ac</span> <span class='ocrx_word' id='word_1_25' title='bbox 712 735 829 799; x_wconf 82' lang='lat' dir='ltr'>dicere:</span> <span class='ocrx_word' id='word_1_26' title='bbox 852 733 1071 814; x_wconf 83' lang='lat' dir='ltr'>Unusquisque</span> <span class='ocrx_word' id='word_1_27' title='bbox 1082 752 1116 798; x_wconf 89' lang='lat' dir='ltr'>se</span> <span class='ocrx_word' id='word_1_28' title='bbox 1125 732 1150 798; x_wconf 69' lang='lat' dir='ltr'>‘a</span> <span class='ocrx_word' id='word_1_29' title='bbox 1167 734 1307 815; x_wconf 87' lang='lat' dir='ltr'>proximo</span> <span class='ocrx_word' id='word_1_30' title='bbox 1322 752 1377 798; x_wconf 89' lang='lat' dir='ltr'>suo</span> 
     </span>
     <span class='ocr_line' id='line_1_5' title="bbox 235 836 1378 920; baseline -0.005 -13"><span class='ocrx_word' id='word_1_31' title='bbox 235 840 397 920; x_wconf 86' lang='lat' dir='ltr'>custodiat,</span> <span class='ocrx_word' id='word_1_32' title='bbox 421 844 453 905; x_wconf 88' lang='lat' dir='ltr'>et</span> <span class='ocrx_word' id='word_1_33' title='bbox 473 840 507 904; x_wconf 93' lang='lat' dir='ltr'>in</span> <span class='ocrx_word' id='word_1_34' title='bbox 527 839 612 904; x_wconf 92' lang='lat' dir='ltr'>omni</span> <span class='ocrx_word' id='word_1_35' title='bbox 633 837 729 903; x_wconf 84' lang='lat' dir='ltr'>fratre</span> <span class='ocrx_word' id='word_1_36' title='bbox 752 858 810 904; x_wconf 92' lang='lat' dir='ltr'>suo</span> <span class='ocrx_word' id='word_1_37' title='bbox 830 858 894 904; x_wconf 91' lang='lat' dir='ltr'>non</span> <span class='ocrx_word' id='word_1_38' title='bbox 916 838 1029 909; x_wconf 85' lang='lat' dir='ltr'>habeat</span> <span class='ocrx_word' id='word_1_39' title='bbox 1050 836 1203 916; x_wconf 89' lang='lat' dir='ltr'>fiduciam,</span> <span class='ocrx_word' id='word_1_40' title='bbox 1227 838 1300 920; x_wconf 90' lang='lat' dir='ltr'>quia</span> <span class='ocrx_word' id='word_1_41' title='bbox 1313 856 1378 902; x_wconf 93' lang='lat' dir='ltr'>om·</span> 
     </span>
     <span class='ocr_line' id='line_1_6' title="bbox 235 941 1378 1025; baseline -0.004 -16"><span class='ocrx_word' id='word_1_42' title='bbox 235 945 283 1009; x_wconf 89' lang='lat' dir='ltr'>nis</span> <span class='ocrx_word' id='word_1_43' title='bbox 302 943 398 1008; x_wconf 84' lang='lat' dir='ltr'>frater</span> <span class='ocrx_word' id='word_1_44' title='bbox 418 942 621 1025; x_wconf 77' lang='lat' dir='ltr'><strong>supplantans</strong></span> <span class='ocrx_word' id='word_1_45' title='bbox 643 942 856 1023; x_wconf 78' lang='lat' dir='ltr'>supplantabit</span> <span class='ocrx_word' id='word_1_46' title='bbox 867 942 926 1025; x_wconf 81' lang='grc'>(2),</span> <span class='ocrx_word' id='word_1_47' title='bbox 951 947 982 1006; x_wconf 91' lang='lat' dir='ltr'>et</span> <span class='ocrx_word' id='word_1_48' title='bbox 1004 943 1103 1007; x_wconf 92' lang='lat' dir='ltr'>omnis</span> <span class='ocrx_word' id='word_1_49' title='bbox 1122 944 1238 1008; x_wconf 87' lang='lat' dir='ltr'>amicus</span> <span class='ocrx_word' id='word_1_50' title='bbox 1252 941 1378 1006; x_wconf 76' lang='lat' dir='ltr'>baudu-</span> 
     </span>
     <span class='ocr_line' id='line_1_7' title="bbox 233 1044 1379 1129; baseline -0.003 -18"><span class='ocrx_word' id='word_1_51' title='bbox 233 1047 334 1112; x_wconf 89' lang='lat' dir='ltr'>lenter</span> <span class='ocrx_word' id='word_1_52' title='bbox 354 1046 476 1111; x_wconf 89' lang='lat' dir='ltr'>incedet</span> <span class='ocrx_word' id='word_1_53' title='bbox 487 1044 545 1129; x_wconf 81' lang='grc'>(3).</span> <span class='ocrx_word' id='word_1_54' title='bbox 568 1046 622 1126; x_wconf 23' lang='lat' dir='ltr'>,Et</span> <span class='ocrx_word' id='word_1_55' title='bbox 642 1046 690 1110; x_wconf 92' lang='lat' dir='ltr'>vir</span> <span class='ocrx_word' id='word_1_56' title='bbox 710 1045 839 1110; x_wconf 83' lang='lat' dir='ltr'>fratrem</span> <span class='ocrx_word' id='word_1_57' title='bbox 861 1063 951 1109; x_wconf 92' lang='lat' dir='ltr'>suum</span> <span class='ocrx_word' id='word_1_58' title='bbox 973 1046 1125 1110; x_wconf 87' lang='lat' dir='ltr'>deridebit</span> <span class='ocrx_word' id='word_1_59' title='bbox 1137 1045 1196 1129; x_wconf 82' lang='lat'>(4),</span> <span class='ocrx_word' id='word_1_60' title='bbox 1220 1050 1252 1109; x_wconf 92' lang='lat' dir='ltr'>et</span> <span class='ocrx_word' id='word_1_61' title='bbox 1264 1044 1379 1109; x_wconf 90' lang='lat' dir='ltr'>inimici</span> 
     </span>
     <span class='ocr_line' id='line_1_8' title="bbox 235 1147 1378 1231; baseline -0.003 -17"><span class='ocrx_word' id='word_1_62' title='bbox 235 1148 675 1231; x_wconf 65' lang='lat' dir='ltr'>hominndomesticieiusm).</span> <span class='ocrx_word' id='word_1_63' title='bbox 698 1149 992 1229; x_wconf 81' lang='lat' dir='ltr'>Sagittavulnerans</span> <span class='ocrx_word' id='word_1_64' title='bbox 1002 1148 1322 1230; x_wconf 84' lang='lat' dir='ltr'>aitprophetalingwa</span> <span class='ocrx_word' id='word_1_65' title='bbox 1330 1147 1378 1231; x_wconf 86' lang='lat'>(6)</span> 
     </span>
     <span class='ocr_line' id='line_1_9' title="bbox 234 1251 1380 1334; baseline -0.003 -16"><span class='ocrx_word' id='word_1_66' title='bbox 234 1272 358 1333; x_wconf 89' lang='lat' dir='ltr'>eorum,</span> <span class='ocrx_word' id='word_1_67' title='bbox 381 1253 485 1329; x_wconf 86' lang='lat' dir='ltr'>dolum</span> <span class='ocrx_word' id='word_1_68' title='bbox 505 1253 609 1317; x_wconf 87' lang='lat' dir='ltr'>locuta</span> <span class='ocrx_word' id='word_1_69' title='bbox 631 1257 688 1316; x_wconf 86' lang='lat' dir='ltr'>est.</span> <span class='ocrx_word' id='word_1_70' title='bbox 721 1252 763 1316; x_wconf 88' lang='lat' dir='ltr'>Jn</span> <span class='ocrx_word' id='word_1_71' title='bbox 785 1270 838 1317; x_wconf 91' lang='lat' dir='ltr'>ore</span> <span class='ocrx_word' id='word_1_72' title='bbox 859 1271 915 1317; x_wconf 90' lang='lat' dir='ltr'>sno</span> <span class='ocrx_word' id='word_1_73' title='bbox 939 1270 1048 1334; x_wconf 85' lang='lat' dir='ltr'>pacem</span> <span class='ocrx_word' id='word_1_74' title='bbox 1070 1271 1139 1317; x_wconf 92' lang='lat' dir='ltr'>cum</span> <span class='ocrx_word' id='word_1_75' title='bbox 1161 1252 1259 1321; x_wconf 85' lang='lat' dir='ltr'>amico</span> <span class='ocrx_word' id='word_1_76' title='bbox 1280 1251 1380 1333; x_wconf 87' lang='lat' dir='ltr'>loqui-</span> 
     </span>
     <span class='ocr_line' id='line_1_10' title="bbox 234 1354 1381 1438; baseline -0.002 -18"><span class='ocrx_word' id='word_1_77' title='bbox 234 1361 302 1435; x_wconf 90' lang='lat' dir='ltr'>tur,</span> <span class='ocrx_word' id='word_1_78' title='bbox 335 1359 367 1419; x_wconf 92' lang='lat' dir='ltr'>et</span> <span class='ocrx_word' id='word_1_79' title='bbox 395 1356 514 1420; x_wconf 86' lang='lat' dir='ltr'>occdlte</span> <span class='ocrx_word' id='word_1_80' title='bbox 526 1354 574 1438; x_wconf 80' lang='lat'>(7)</span> <span class='ocrx_word' id='word_1_81' title='bbox 585 1359 682 1437; x_wconf 91' lang='lat' dir='ltr'>ponet</span> <span class='ocrx_word' id='word_1_82' title='bbox 701 1355 839 1421; x_wconf 84' lang='lat' dir='ltr'>insidias.</span> <span class='ocrx_word' id='word_1_83' title='bbox 872 1356 915 1420; x_wconf 87' lang='lat' dir='ltr'>Et</span> <span class='ocrx_word' id='word_1_84' title='bbox 936 1356 1017 1437; x_wconf 81' lang='lat' dir='ltr'>quia</span> <span class='ocrx_word' id='word_1_85' title='bbox 1031 1373 1065 1419; x_wconf 90' lang='lat' dir='ltr'>se</span> <span class='ocrx_word' id='word_1_86' title='bbox 1085 1355 1215 1419; x_wconf 91' lang='lat' dir='ltr'>invicem</span> <span class='ocrx_word' id='word_1_87' title='bbox 1237 1355 1381 1419; x_wconf 88' lang='lat' dir='ltr'>mordent</span> 
     </span>
     <span class='ocr_line' id='line_1_11' title="bbox 234 1458 1380 1541; baseline 0 -19"><span class='ocrx_word' id='word_1_88' title='bbox 234 1462 405 1541; x_wconf 85' lang='lat' dir='ltr'>provocant</span> <span class='ocrx_word' id='word_1_89' title='bbox 426 1459 565 1522; x_wconf 89' lang='lat' dir='ltr'>invident</span> <span class='ocrx_word' id='word_1_90' title='bbox 585 1458 732 1537; x_wconf 83' lang='lat' dir='ltr'>lacerant,</span> <span class='ocrx_word' id='word_1_91' title='bbox 755 1458 925 1523; x_wconf 89' lang='lat' dir='ltr'>timendum</span> <span class='ocrx_word' id='word_1_92' title='bbox 938 1459 986 1541; x_wconf 87' lang='lat'>(8)</span> <span class='ocrx_word' id='word_1_93' title='bbox 998 1470 1040 1522; x_wconf 87' lang='lat' dir='ltr'>ne·</span> <span class='ocrx_word' id='word_1_94' title='bbox 1059 1458 1185 1522; x_wconf 88' lang='lat' dir='ltr'>tandem</span> <span class='ocrx_word' id='word_1_95' title='bbox 1210 1458 1380 1522; x_wconf 85' lang='lat' dir='ltr'>abinvicem</span> 
     </span>
     <span class='ocr_line' id='line_1_12' title="bbox 236 1560 1379 1644; baseline -0.003 -15"><span class='ocrx_word' id='word_1_96' title='bbox 236 1566 456 1629; x_wconf 86' lang='lat' dir='ltr'>consumantur</span> <span class='ocrx_word' id='word_1_97' title='bbox 468 1560 525 1644; x_wconf 83' lang='lat'>(9).</span> <span class='ocrx_word' id='word_1_98' title='bbox 561 1562 670 1643; x_wconf 86' lang='lat' dir='ltr'>Neque</span> <span class='ocrx_word' id='word_1_99' title='bbox 692 1567 797 1626; x_wconf 90' lang='lat' dir='ltr'>autem</span> <span class='ocrx_word' id='word_1_100' title='bbox 817 1562 878 1627; x_wconf 88' lang='lat' dir='ltr'>ista</span> <span class='ocrx_word' id='word_1_101' title='bbox 900 1567 932 1626; x_wconf 91' lang='lat' dir='ltr'>et</span> <span class='ocrx_word' id='word_1_102' title='bbox 945 1562 1057 1627; x_wconf 83' lang='lat' dir='ltr'>similia</span> <span class='ocrx_word' id='word_1_103' title='bbox 1070 1563 1148 1627; x_wconf 85' lang='lat' dir='ltr'>adeo</span> <span class='ocrx_word' id='word_1_104' title='bbox 1163 1562 1284 1627; x_wconf 84' lang='lat' dir='ltr'>occulta</span> <span class='ocrx_word' id='word_1_105' title='bbox 1296 1567 1379 1643; x_wconf 87' lang='lat' dir='ltr'>sunt,</span> 
     </span>
     <span class='ocr_line' id='line_1_13' title="bbox 235 1663 1380 1747; baseline -0.001 -16"><span class='ocrx_word' id='word_1_106' title='bbox 235 1671 271 1731; x_wconf 89' lang='lat' dir='ltr'>ut</span> <span class='ocrx_word' id='word_1_107' title='bbox 292 1667 517 1745; x_wconf 86' lang='lat' dir='ltr'>nonsciantur,</span> <span class='ocrx_word' id='word_1_108' title='bbox 540 1665 589 1729; x_wconf 88' lang='lat' dir='ltr'>vel</span> <span class='ocrx_word' id='word_1_109' title='bbox 613 1669 649 1729; x_wconf 88' lang='lat' dir='ltr'>ut</span> <span class='ocrx_word' id='word_1_110' title='bbox 670 1665 752 1747; x_wconf 88' lang='lat' dir='ltr'>per(</span> <span class='ocrx_word' id='word_1_111' title='bbox 757 1664 808 1746; x_wconf 87' lang='grc'>10)</span> <span class='ocrx_word' id='word_1_112' title='bbox 820 1665 877 1730; x_wconf 91' lang='lat' dir='ltr'>hec</span> <span class='ocrx_word' id='word_1_113' title='bbox 898 1671 1058 1747; x_wconf 87' lang='lat' dir='ltr'>tamquam</span> <span class='ocrx_word' id='word_1_114' title='bbox 1080 1663 1259 1732; x_wconf 86' lang='lat' dir='ltr'>abscondita</span> <span class='ocrx_word' id='word_1_115' title='bbox 1279 1667 1312 1730; x_wconf 90' lang='lat' dir='ltr'>in</span> <span class='ocrx_word' id='word_1_116' title='bbox 1332 1666 1380 1730; x_wconf 92' lang='lat' dir='ltr'>lu-</span> 
     </span>
     <span class='ocr_line' id='line_1_14' title="bbox 237 1764 1379 1860; baseline 0 -25"><span class='ocrx_word' id='word_1_117' title='bbox 237 1789 303 1835; x_wconf 91' lang='lat' dir='ltr'>cem</span> <span class='ocrx_word' id='word_1_118' title='bbox 312 1771 342 1854; x_wconf 89' lang='lat'>(1</span> <span class='ocrx_word' id='word_1_119' title='bbox 351 1768 382 1851; x_wconf 91' lang='lat'>1)</span> <span class='ocrx_word' id='word_1_120' title='bbox 389 1770 608 1851; x_wconf 88' lang='lat' dir='ltr'>producantur,</span> <span class='ocrx_word' id='word_1_121' title='bbox 621 1769 676 1834; x_wconf 90' lang='lat' dir='ltr'>sed</span> <span class='ocrx_word' id='word_1_122' title='bbox 687 1768 748 1833; x_wconf 91' lang='lat' dir='ltr'>heu</span> <span class='ocrx_word' id='word_1_123' title='bbox 757 1769 790 1833; x_wconf 92' lang='lat' dir='ltr'>in</span> <span class='ocrx_word' id='word_1_124' title='bbox 801 1764 924 1860; x_wconf 81' lang='lat' dir='ltr'>omnem</span> <span class='ocrx_word' id='word_1_125' title='bbox 934 1772 1051 1858; x_wconf 74' lang='lat' dir='ltr'>terrum</span> <span class='ocrx_word' id='word_1_126' title='bbox 1062 1771 1255 1837; x_wconf 86' lang='lat' dir='ltr'>exivitsonus</span> <span class='ocrx_word' id='word_1_127' title='bbox 1262 1788 1379 1849; x_wconf 91' lang='lat' dir='ltr'>eornm,</span> 
     </span>
     <span class='ocr_line' id='line_1_15' title="bbox 236 1873 966 1957; baseline -0.001 -18"><span class='ocrx_word' id='word_1_128' title='bbox 236 1876 321 1940; x_wconf 91' lang='lat' dir='ltr'>etin</span> <span class='ocrx_word' id='word_1_129' title='bbox 341 1873 419 1939; x_wconf 88' lang='lat' dir='ltr'>fines</span> <span class='ocrx_word' id='word_1_130' title='bbox 441 1874 522 1938; x_wconf 91' lang='lat' dir='ltr'>orbis</span> <span class='ocrx_word' id='word_1_131' title='bbox 544 1878 628 1939; x_wconf 89' lang='lat' dir='ltr'>terre</span> <span class='ocrx_word' id='word_1_132' title='bbox 649 1874 744 1937; x_wconf 90' lang='lat' dir='ltr'>verba</span> <span class='ocrx_word' id='word_1_133' title='bbox 765 1892 873 1939; x_wconf 91' lang='lat' dir='ltr'>eorum</span> <span class='ocrx_word' id='word_1_134' title='bbox 886 1873 966 1957; x_wconf 79' lang='lat'>(12).</span> 
     </span>
    </p>

    <p class='ocr_par' dir='ltr' id='par_1_3' title="bbox 225 1970 1396 2679">
     <span class='ocr_line' id='line_1_16' title="bbox 300 1970 1381 2059; baseline -0.003 -15"><span class='ocrx_word' id='word_1_135' title='bbox 300 1979 429 2044; x_wconf 84' lang='lat' dir='ltr'>Sanctus</span> <span class='ocrx_word' id='word_1_136' title='bbox 449 1980 555 2042; x_wconf 86' lang='lat' dir='ltr'>auteni</span> <span class='ocrx_word' id='word_1_137' title='bbox 576 1977 819 2043; x_wconf 85' lang='lat' dir='ltr'>consuetudines</span> <span class='ocrx_word' id='word_1_138' title='bbox 843 1982 875 2041; x_wconf 87' lang='lat' dir='ltr'>et</span> <span class='ocrx_word' id='word_1_139' title='bbox 896 1970 1021 2059; x_wconf 82' lang='lat' dir='ltr'>pietatis</span> <span class='ocrx_word' id='word_1_140' title='bbox 1044 1979 1202 2057; x_wconf 83' lang='lat' dir='ltr'>exercicia,</span> <span class='ocrx_word' id='word_1_141' title='bbox 1224 1979 1312 2042; x_wconf 83' lang='lat' dir='ltr'>iuxta</span> <span class='ocrx_word' id='word_1_142' title='bbox 1326 1995 1381 2041; x_wconf 88' lang='lat' dir='ltr'>an-</span> 
     </span>
     <span class='ocr_line' id='line_1_17' title="bbox 225 2066 1382 2169; baseline 0.001 -27"><span class='ocrx_word' id='word_1_143' title='bbox 225 2083 391 2164; x_wconf 83' lang='lat' dir='ltr'>tiquorum</span> <span class='ocrx_word' id='word_1_144' title='bbox 412 2067 539 2146; x_wconf 83' lang='lat' dir='ltr'>semitas</span> <span class='ocrx_word' id='word_1_145' title='bbox 560 2066 685 2162; x_wconf 83' lang='lat' dir='ltr'>patrum</span> <span class='ocrx_word' id='word_1_146' title='bbox 707 2082 734 2144; x_wconf 88' lang='lat' dir='ltr'>si</span> <span class='ocrx_word' id='word_1_147' title='bbox 755 2081 824 2169; x_wconf 79' lang='lat' dir='ltr'>quis</span> <span class='ocrx_word' id='word_1_148' title='bbox 846 2082 909 2143; x_wconf 91' lang='lat' dir='ltr'>iam</span> <span class='ocrx_word' id='word_1_149' title='bbox 930 2099 1054 2145; x_wconf 86' lang='lat' dir='ltr'>servare</span> <span class='ocrx_word' id='word_1_150' title='bbox 1075 2082 1216 2160; x_wconf 91' lang='lat' dir='ltr'>voluerit,</span> <span class='ocrx_word' id='word_1_151' title='bbox 1236 2080 1382 2146; x_wconf 89' lang='lat' dir='ltr'>derisioni</span> 
     </span>
     <span class='ocr_line' id='line_1_18' title="bbox 236 2183 1383 2268; baseline -0.004 -18"><span class='ocrx_word' id='word_1_152' title='bbox 236 2186 371 2268; x_wconf 83' lang='lat' dir='ltr'>patebit3</span> <span class='ocrx_word' id='word_1_153' title='bbox 394 2189 426 2248; x_wconf 88' lang='lat' dir='ltr'>et</span> <span class='ocrx_word' id='word_1_154' title='bbox 447 2184 528 2246; x_wconf 88' lang='lat' dir='ltr'>inter</span> <span class='ocrx_word' id='word_1_155' title='bbox 550 2187 669 2245; x_wconf 88' lang='lat' dir='ltr'>ceteros</span> <span class='ocrx_word' id='word_1_156' title='bbox 691 2187 798 2265; x_wconf 74' lang='lat' dir='ltr'>notum</span> <span class='ocrx_word' id='word_1_157' title='bbox 820 2183 1042 2260; x_wconf 85' lang='lat' dir='ltr'>singularitatis</span> <span class='ocrx_word' id='word_1_158' title='bbox 1055 2183 1242 2260; x_wconf 83' lang='lat' dir='ltr'>incurrens,</span> <span class='ocrx_word' id='word_1_159' title='bbox 1272 2185 1383 2263; x_wconf 91' lang='lat' dir='ltr'>utpote</span> 
     </span>
     <span class='ocr_line' id='line_1_19' title="bbox 237 2281 1382 2361; baseline -0.004 -10"><span class='ocrx_word' id='word_1_160' title='bbox 237 2288 426 2351; x_wconf 88' lang='lat' dir='ltr'>dissimiliter</span> <span class='ocrx_word' id='word_1_161' title='bbox 446 2285 514 2348; x_wconf 88' lang='lat' dir='ltr'>aliis</span> <span class='ocrx_word' id='word_1_162' title='bbox 535 2285 650 2361; x_wconf 79' lang='lat' dir='ltr'>vivens,</span> <span class='ocrx_word' id='word_1_163' title='bbox 665 2298 729 2346; x_wconf 92' lang='lat' dir='ltr'>non</span> <span class='ocrx_word' id='word_1_164' title='bbox 741 2283 877 2346; x_wconf 89' lang='lat' dir='ltr'>modicas</span> <span class='ocrx_word' id='word_1_165' title='bbox 892 2283 1019 2346; x_wconf 85' lang='lat' dir='ltr'>iniurias</span> <span class='ocrx_word' id='word_1_166' title='bbox 1033 2281 1205 2347; x_wconf 72' lang='lat' dir='ltr'>sustinebit.</span> <span class='ocrx_word' id='word_1_167' title='bbox 1236 2284 1303 2361; x_wconf 85' lang='lat' dir='ltr'>Qne</span> <span class='ocrx_word' id='word_1_168' title='bbox 1316 2302 1382 2349; x_wconf 93' lang='lat' dir='ltr'>om-</span> 
     </span>
     <span class='ocr_line' id='line_1_20' title="bbox 237 2384 1382 2468; baseline -0.002 -16"><span class='ocrx_word' id='word_1_169' title='bbox 237 2389 291 2452; x_wconf 88' lang='lat' dir='ltr'>nia</span> <span class='ocrx_word' id='word_1_170' title='bbox 311 2389 434 2468; x_wconf 84' lang='lat' dir='ltr'>vigente</span> <span class='ocrx_word' id='word_1_171' title='bbox 455 2386 556 2450; x_wconf 86' lang='lat' dir='ltr'>adhuc</span> <span class='ocrx_word' id='word_1_172' title='bbox 570 2386 621 2466; x_wconf 91' lang='lat' dir='ltr'>pie</span> <span class='ocrx_word' id='word_1_173' title='bbox 635 2385 782 2448; x_wconf 80' lang='lat' dir='ltr'>memorie</span> <span class='ocrx_word' id='word_1_174' title='bbox 793 2389 900 2449; x_wconf 89' lang='lat' dir='ltr'>sancta</span> <span class='ocrx_word' id='word_1_175' title='bbox 912 2401 949 2447; x_wconf 88' lang='lat' dir='ltr'>ac</span> <span class='ocrx_word' id='word_1_176' title='bbox 962 2384 1079 2449; x_wconf 63' lang='lat' dir='ltr'>invida</span> <span class='ocrx_word' id='word_1_177' title='bbox 1092 2386 1239 2466; x_wconf 84' lang='lat' dir='ltr'>religione</span> <span class='ocrx_word' id='word_1_178' title='bbox 1252 2387 1285 2450; x_wconf 92' lang='lat' dir='ltr'>in</span> <span class='ocrx_word' id='word_1_179' title='bbox 1297 2389 1382 2450; x_wconf 85' lang='lat' dir='ltr'>statu</span> 
     </span>
     <span class='ocr_line' id='line_1_21' title="bbox 238 2480 1396 2571; baseline -0.001 -15"><span class='ocrx_word' id='word_1_180' title='bbox 238 2496 332 2556; x_wconf 84' lang='lat' dir='ltr'>erant</span> <span class='ocrx_word' id='word_1_181' title='bbox 348 2491 428 2556; x_wconf 94' lang='lat' dir='ltr'>bono</span> <span class='ocrx_word' id='word_1_182' title='bbox 451 2494 545 2571; x_wconf 85' lang='lat' dir='ltr'>etque</span> <span class='ocrx_word' id='word_1_183' title='bbox 566 2487 713 2570; x_wconf 84' lang='lat' dir='ltr'>perfecto.</span> <span class='ocrx_word' id='word_1_184' title='bbox 746 2480 886 2552; x_wconf 86' lang='lat' dir='ltr'>Fuerunt</span> <span class='ocrx_word' id='word_1_185' title='bbox 907 2506 964 2570; x_wconf 94' lang='lat' dir='ltr'>pro</span> <span class='ocrx_word' id='word_1_186' title='bbox 988 2493 1072 2553; x_wconf 89' lang='lat' dir='ltr'>certo</span> <span class='ocrx_word' id='word_1_187' title='bbox 1094 2493 1169 2554; x_wconf 86' lang='lat' dir='ltr'>tuno</span> <span class='ocrx_word' id='word_1_188' title='bbox 1189 2508 1284 2555; x_wconf 86' lang='lat' dir='ltr'>aurea</span> <span class='ocrx_word' id='word_1_189' title='bbox 1304 2482 1396 2555; x_wconf 57' lang='lat' dir='ltr'>tem?</span> 
     </span>
     <span class='ocr_line' id='line_1_22' title="bbox 237 2590 1384 2679; baseline -0.002 -18"><span class='ocrx_word' id='word_1_190' title='bbox 237 2613 331 2679; x_wconf 88' lang='lat' dir='ltr'>pora,</span> <span class='ocrx_word' id='word_1_191' title='bbox 361 2594 436 2658; x_wconf 87' lang='lat' dir='ltr'>Dies</span> <span class='ocrx_word' id='word_1_192' title='bbox 458 2593 565 2674; x_wconf 86' lang='lat' dir='ltr'>utique</span> <span class='ocrx_word' id='word_1_193' title='bbox 587 2593 709 2671; x_wconf 88' lang='lat' dir='ltr'>salutis;</span> <span class='ocrx_word' id='word_1_194' title='bbox 734 2592 807 2674; x_wconf 91' lang='lat' dir='ltr'>quia</span> <span class='ocrx_word' id='word_1_195' title='bbox 828 2611 847 2656; x_wconf 85' lang='lat' dir='ltr'>a</span> <span class='ocrx_word' id='word_1_196' title='bbox 868 2590 1030 2674; x_wconf 73' lang='lat' dir='ltr'>superfluis</span> <span class='ocrx_word' id='word_1_197' title='bbox 1052 2593 1111 2658; x_wconf 86' lang='lat' dir='ltr'>sibi</span> <span class='ocrx_word' id='word_1_198' title='bbox 1132 2594 1297 2674; x_wconf 86' lang='lat' dir='ltr'>cavebant,</span> <span class='ocrx_word' id='word_1_199' title='bbox 1326 2613 1384 2660; x_wconf 91' lang='lat' dir='ltr'>nec</span> 
     </span>
    </p>
   </div>
   <div class='ocr_carea' id='block_1_3' title="bbox 237 2696 1480 2785">
    <p class='ocr_par' dir='ltr' id='par_1_4' title="bbox 237 2696 1480 2785">
     <span class='ocr_line' id='line_1_23' title="bbox 237 2696 1480 2785; baseline -0.001 -21"><span class='ocrx_word' id='word_1_200' title='bbox 237 2698 469 2764; x_wconf 77' lang='lat' dir='ltr'>adulacionibns</span> <span class='ocrx_word' id='word_1_201' title='bbox 490 2696 699 2762; x_wconf 88' lang='lat' dir='ltr'>inserviebant</span> <span class='ocrx_word' id='word_1_202' title='bbox 719 2715 777 2777; x_wconf 90' lang='lat' dir='ltr'>pro</span> <span class='ocrx_word' id='word_1_203' title='bbox 790 2696 891 2785; x_wconf 71' lang='lat' dir='ltr'>aliena</span> <span class='ocrx_word' id='word_1_204' title='bbox 906 2697 1074 2762; x_wconf 88' lang='lat' dir='ltr'>donacione</span> <span class='ocrx_word' id='word_1_205' title='bbox 1085 2696 1166 2780; x_wconf 86' lang='lat'>(13),</span> <span class='ocrx_word' id='word_1_206' title='bbox 1189 2715 1246 2761; x_wconf 93' lang='lat' dir='ltr'>nec</span> <span class='ocrx_word' id='word_1_207' title='bbox 1258 2702 1384 2763; x_wconf 90' lang='lat' dir='ltr'>conten·</span> <span class='ocrx_word' id='word_1_208' title='bbox 1477 2749 1480 2753; x_wconf 52' lang='grc'><strong><em>«</em></strong></span> 
     </span>
    </p>
   </div>
   <div class='ocr_carea' id='block_1_4' title="bbox 236 2784 1397 3300">
    <p class='ocr_par' dir='ltr' id='par_1_5' title="bbox 236 2784 1397 3300">
     <span class='ocr_line' id='line_1_24' title="bbox 238 2784 1385 2895; baseline -0.002 -26"><span class='ocrx_word' id='word_1_209' title='bbox 238 2804 376 2869; x_wconf 87' lang='lat' dir='ltr'>cionibus</span> <span class='ocrx_word' id='word_1_210' title='bbox 387 2820 442 2867; x_wconf 89' lang='lat' dir='ltr'>seu</span> <span class='ocrx_word' id='word_1_211' title='bbox 454 2802 468 2885; x_wconf 87' lang='lat'>(</span> <span class='ocrx_word' id='word_1_212' title='bbox 472 2801 525 2883; x_wconf 82' lang='lat'>14)</span> <span class='ocrx_word' id='word_1_213' title='bbox 531 2784 630 2882; x_wconf 79' lang='lat' dir='ltr'>¹brigis</span> <span class='ocrx_word' id='word_1_214' title='bbox 642 2801 803 2895; x_wconf 79' lang='lat' dir='ltr'>intendere</span> <span class='ocrx_word' id='word_1_215' title='bbox 816 2801 1086 2882; x_wconf 88' lang='lat' dir='ltr'>permittebantur,</span> <span class='ocrx_word' id='word_1_216' title='bbox 1099 2801 1155 2866; x_wconf 91' lang='lat' dir='ltr'>sed</span> <span class='ocrx_word' id='word_1_217' title='bbox 1168 2802 1312 2883; x_wconf 87' lang='lat' dir='ltr'>operibus</span> <span class='ocrx_word' id='word_1_218' title='bbox 1322 2803 1385 2867; x_wconf 90' lang='lat' dir='ltr'>vir·</span> 
     </span>
     <span class='ocr_line' id='line_1_25' title="bbox 237 2904 1397 2988; baseline 0.001 -16"><span class='ocrx_word' id='word_1_219' title='bbox 237 2912 340 2972; x_wconf 89' lang='lat' dir='ltr'>tutum</span> <span class='ocrx_word' id='word_1_220' title='bbox 362 2906 538 2988; x_wconf 88' lang='lat' dir='ltr'>sanctisque</span> <span class='ocrx_word' id='word_1_221' title='bbox 559 2905 669 2971; x_wconf 88' lang='lat' dir='ltr'>studiis</span> <span class='ocrx_word' id='word_1_222' title='bbox 691 2923 728 2968; x_wconf 92' lang='lat' dir='ltr'>ac</span> <span class='ocrx_word' id='word_1_223' title='bbox 749 2904 1004 2970; x_wconf 88' lang='lat' dir='ltr'>meditacionibus</span> <span class='ocrx_word' id='word_1_224' title='bbox 1026 2908 1148 2987; x_wconf 92' lang='lat' dir='ltr'>tempus</span> <span class='ocrx_word' id='word_1_225' title='bbox 1174 2924 1265 2981; x_wconf 87' lang='lat' dir='ltr'>suum</span> <span class='ocrx_word' id='word_1_226' title='bbox 1294 2925 1397 2973; x_wconf 74' lang='lat' dir='ltr'>occu·</span> 
     </span>
     <span class='ocr_line' id='line_1_26' title="bbox 236 3005 1384 3094; baseline -0.001 -17"><span class='ocrx_word' id='word_1_227' title='bbox 236 3013 369 3094; x_wconf 87' lang='lat' dir='ltr'>pabant;</span> <span class='ocrx_word' id='word_1_228' title='bbox 392 3015 425 3075; x_wconf 87' lang='lat' dir='ltr'>et</span> <span class='ocrx_word' id='word_1_229' title='bbox 447 3015 515 3075; x_wconf 90' lang='lat' dir='ltr'>erat</span> <span class='ocrx_word' id='word_1_230' title='bbox 536 3005 595 3073; x_wconf 81' lang='lat' dir='ltr'>illis</span> <span class='ocrx_word' id='word_1_231' title='bbox 618 3028 672 3073; x_wconf 93' lang='lat' dir='ltr'>cor</span> <span class='ocrx_word' id='word_1_232' title='bbox 693 3027 788 3071; x_wconf 91' lang='lat' dir='ltr'>unum</span> <span class='ocrx_word' id='word_1_233' title='bbox 811 3011 843 3073; x_wconf 90' lang='lat' dir='ltr'>et</span> <span class='ocrx_word' id='word_1_234' title='bbox 865 3008 968 3072; x_wconf 89' lang='lat' dir='ltr'>anima</span> <span class='ocrx_word' id='word_1_235' title='bbox 984 3009 1094 3073; x_wconf 84' lang='lat' dir='ltr'>unuin</span> <span class='ocrx_word' id='word_1_236' title='bbox 1109 3010 1242 3090; x_wconf 90' lang='lat' dir='ltr'>domino,</span> <span class='ocrx_word' id='word_1_237' title='bbox 1264 3011 1297 3075; x_wconf 93' lang='lat' dir='ltr'>in</span> <span class='ocrx_word' id='word_1_238' title='bbox 1311 3029 1384 3076; x_wconf 84' lang='lat' dir='ltr'>con·</span> 
     </span>
     <span class='ocr_line' id='line_1_27' title="bbox 238 3112 1391 3197; baseline 0.003 -19"><span class='ocrx_word' id='word_1_239' title='bbox 238 3116 325 3178; x_wconf 92' lang='lat' dir='ltr'>muni</span> <span class='ocrx_word' id='word_1_240' title='bbox 344 3115 492 3193; x_wconf 71' lang='lat' dir='ltr'>viventes</span> <span class='ocrx_word' id='word_1_241' title='bbox 516 3118 627 3177; x_wconf 78' lang='lat' dir='ltr'>etnon</span> <span class='ocrx_word' id='word_1_242' title='bbox 642 3112 754 3192; x_wconf 83' lang='lat' dir='ltr'>singuli</span> <span class='ocrx_word' id='word_1_243' title='bbox 769 3112 826 3176; x_wconf 91' lang='lat' dir='ltr'>sibi</span> <span class='ocrx_word' id='word_1_244' title='bbox 840 3113 915 3193; x_wconf 90' lang='lat' dir='ltr'>ipsis</span> <span class='ocrx_word' id='word_1_245' title='bbox 932 3114 1147 3195; x_wconf 73' lang='lat' dir='ltr'>conquirentes</span> <span class='ocrx_word' id='word_1_246' title='bbox 1159 3114 1245 3197; x_wconf 74' lang='lat' dir='ltr'>(lb),</span> <span class='ocrx_word' id='word_1_247' title='bbox 1269 3119 1301 3178; x_wconf 87' lang='lat' dir='ltr'>et</span> <span class='ocrx_word' id='word_1_248' title='bbox 1313 3116 1391 3181; x_wconf 89' lang='lat' dir='ltr'>ideo</span> 
     </span>
     <span class='ocr_line' id='line_1_28' title="bbox 240 3215 1385 3300; baseline 0.001 -18"><span class='ocrx_word' id='word_1_249' title='bbox 240 3221 329 3282; x_wconf 84' lang='lat' dir='ltr'>erant</span> <span class='ocrx_word' id='word_1_250' title='bbox 348 3217 406 3281; x_wconf 91' lang='lat' dir='ltr'>viri</span> <span class='ocrx_word' id='word_1_251' title='bbox 427 3217 459 3280; x_wconf 92' lang='lat' dir='ltr'>in</span> <span class='ocrx_word' id='word_1_252' title='bbox 481 3217 564 3282; x_wconf 91' lang='lat' dir='ltr'>omni</span> <span class='ocrx_word' id='word_1_253' title='bbox 586 3217 702 3281; x_wconf 85' lang='lat' dir='ltr'>virtute</span> <span class='ocrx_word' id='word_1_254' title='bbox 723 3215 861 3297; x_wconf 85' lang='lat' dir='ltr'>perfecti.</span> <span class='ocrx_word' id='word_1_255' title='bbox 893 3217 941 3280; x_wconf 87' lang='lat' dir='ltr'>De</span> <span class='ocrx_word' id='word_1_256' title='bbox 957 3217 1103 3298; x_wconf 88' lang='lat' dir='ltr'>predictis</span> <span class='ocrx_word' id='word_1_257' title='bbox 1119 3222 1224 3282; x_wconf 87' lang='lat' dir='ltr'>autem</span> <span class='ocrx_word' id='word_1_258' title='bbox 1239 3219 1385 3300; x_wconf 84' lang='lat' dir='ltr'>spiritua·</span> 
     </span>
    </p>
   </div>
   <div class='ocr_carea' id='block_1_5' title="bbox 122 3321 1383 3404">
    <p class='ocr_par' dir='ltr' id='par_1_6' title="bbox 122 3321 1383 3404">
     <span class='ocr_line' id='line_1_29' title="bbox 122 3321 1383 3404; baseline 0.001 -19"><span class='ocrx_word' id='word_1_259' title='bbox 122 3389 128 3395; x_wconf 67' lang='grc'><strong>,</strong></span> <span class='ocrx_word' id='word_1_260' title='bbox 238 3321 318 3385; x_wconf 90' lang='lat' dir='ltr'>libus</span> <span class='ocrx_word' id='word_1_261' title='bbox 340 3321 495 3385; x_wconf 87' lang='lat' dir='ltr'>exerciciis</span> <span class='ocrx_word' id='word_1_262' title='bbox 518 3339 581 3391; x_wconf 92' lang='lat' dir='ltr'>non</span> <span class='ocrx_word' id='word_1_263' title='bbox 601 3321 751 3385; x_wconf 89' lang='lat' dir='ltr'>remansit</span> <span class='ocrx_word' id='word_1_264' title='bbox 772 3321 831 3386; x_wconf 88' lang='lat' dir='ltr'>nisi</span> <span class='ocrx_word' id='word_1_265' title='bbox 848 3321 1002 3384; x_wconf 88' lang='lat' dir='ltr'>modicum</span> <span class='ocrx_word' id='word_1_266' title='bbox 1015 3321 1057 3385; x_wconf 90' lang='lat' dir='ltr'>ibi</span> <span class='ocrx_word' id='word_1_267' title='bbox 1072 3321 1228 3389; x_wconf 89' lang='lat' dir='ltr'>modicum</span> <span class='ocrx_word' id='word_1_268' title='bbox 1248 3322 1383 3404; x_wconf 88' lang='lat' dir='ltr'>ibi(16).</span> 
     </span>
    </p>
   </div>
   <div class='ocr_carea' id='block_1_6' title="bbox 240 3424 1386 3612">
    <p class='ocr_par' dir='ltr' id='par_1_7' title="bbox 240 3424 1386 3612">
     <span class='ocr_line' id='line_1_30' title="bbox 240 3424 1384 3506; baseline 0.003 -18"><span class='ocrx_word' id='word_1_269' title='bbox 240 3424 381 3502; x_wconf 81' lang='lat' dir='ltr'>Quedam</span> <span class='ocrx_word' id='word_1_270' title='bbox 402 3443 535 3506; x_wconf 85' lang='lat' dir='ltr'>namque</span> <span class='ocrx_word' id='word_1_271' title='bbox 557 3425 683 3506; x_wconf 84' lang='lat' dir='ltr'>antique</span> <span class='ocrx_word' id='word_1_272' title='bbox 705 3424 948 3489; x_wconf 83' lang='lat' dir='ltr'>consuetudines</span> <span class='ocrx_word' id='word_1_273' title='bbox 975 3424 1067 3488; x_wconf 91' lang='lat' dir='ltr'>velud</span> <span class='ocrx_word' id='word_1_274' title='bbox 1096 3425 1187 3491; x_wconf 88' lang='lat' dir='ltr'>huius</span> <span class='ocrx_word' id='word_1_275' title='bbox 1217 3426 1384 3506; x_wconf 92' lang='lat' dir='ltr'>spiritualis</span> 
     </span>
     <span class='ocr_line' id='line_1_31' title="bbox 240 3527 1386 3612; baseline 0 -19"><span class='ocrx_word' id='word_1_276' title='bbox 240 3527 351 3593; x_wconf 89' lang='lat' dir='ltr'>edificii</span> <span class='ocrx_word' id='word_1_277' title='bbox 364 3533 469 3610; x_wconf 88' lang='lat' dir='ltr'>partes</span> <span class='ocrx_word' id='word_1_278' title='bbox 481 3527 550 3612; x_wconf 79' lang='grc'>(17)</span> <span class='ocrx_word' id='word_1_279' title='bbox 563 3528 801 3610; x_wconf 89' lang='lat' dir='ltr'>qualescumque</span> <span class='ocrx_word' id='word_1_280' title='bbox 816 3527 917 3592; x_wconf 89' lang='lat' dir='ltr'>adhuc</span> <span class='ocrx_word' id='word_1_281' title='bbox 931 3531 1015 3592; x_wconf 84' lang='lat' dir='ltr'>stare</span> <span class='ocrx_word' id='word_1_282' title='bbox 1029 3531 1061 3591; x_wconf 88' lang='lat' dir='ltr'>et</span> <span class='ocrx_word' id='word_1_283' title='bbox 1074 3547 1196 3593; x_wconf 91' lang='lat' dir='ltr'>sursum</span> <span class='ocrx_word' id='word_1_284' title='bbox 1209 3530 1386 3610; x_wconf 91' lang='lat' dir='ltr'>prominere</span> 
     </span>
    </p>
   </div>
   <div class='ocr_carea' id='block_1_7' title="bbox 240 3618 1506 3714">
    <p class='ocr_par' dir='ltr' id='par_1_8' title="bbox 240 3618 1506 3714">
     <span class='ocr_line' id='line_1_32' title="bbox 240 3618 1506 3714; baseline -0.003 -16"><span class='ocrx_word' id='word_1_285' title='bbox 240 3637 417 3711; x_wconf 81' lang='lat' dir='ltr'>comuntur,</span> <span class='ocrx_word' id='word_1_286' title='bbox 439 3633 471 3696; x_wconf 90' lang='lat' dir='ltr'>in</span> <span class='ocrx_word' id='word_1_287' title='bbox 494 3633 605 3714; x_wconf 92' lang='lat' dir='ltr'>quibus</span> <span class='ocrx_word' id='word_1_288' title='bbox 624 3636 731 3696; x_wconf 88' lang='lat' dir='ltr'>tamen</span> <span class='ocrx_word' id='word_1_289' title='bbox 752 3650 814 3697; x_wconf 93' lang='lat' dir='ltr'>non</span> <span class='ocrx_word' id='word_1_290' title='bbox 835 3635 901 3694; x_wconf 86' lang='lat' dir='ltr'>tam</span> <span class='ocrx_word' id='word_1_291' title='bbox 922 3630 1141 3694; x_wconf 87' lang='lat' dir='ltr'>modernorum</span> <span class='ocrx_word' id='word_1_292' title='bbox 1156 3632 1301 3696; x_wconf 88' lang='lat' dir='ltr'>devotum</span> <span class='ocrx_word' id='word_1_293' title='bbox 1311 3618 1385 3714; x_wconf 91' lang='lat' dir='ltr'>per·</span> <span class='ocrx_word' id='word_1_294' title='bbox 1498 3624 1506 3633; x_wconf 76' lang='grc'>”</span> 
     </span>
    </p>
   </div>
   <div class='ocr_carea' id='block_1_8' title="bbox 239 3754 1387 4265">
    <p class='ocr_par' dir='ltr' id='par_1_9' title="bbox 239 3754 1387 4265">
     <span class='ocr_line' id='line_1_33' title="bbox 306 3754 1385 3833; baseline -0.004 -13"><span class='ocrx_word' id='word_1_295' title='bbox 306 3754 340 3820; x_wconf 87' lang='grc'>(1)</span> <span class='ocrx_word' id='word_1_296' title='bbox 363 3757 464 3816; x_wconf 86' lang='lat' dir='ltr'>Aodd</span> <span class='ocrx_word' id='word_1_297' title='bbox 485 3756 668 3815; x_wconf 87' lang='lat' dir='ltr'>dileccionem</span> <span class='ocrx_word' id='word_1_298' title='bbox 713 3755 880 3814; x_wconf 85' lang='lat' dir='ltr'>Cliduciam</span> <span class='ocrx_word' id='word_1_299' title='bbox 913 3755 1107 3816; x_wconf 85' lang='lat' dir='ltr'>Pcaritatem.</span> <span class='ocrx_word' id='word_1_300' title='bbox 1130 3757 1204 3816; x_wconf 78' lang='lat' dir='ltr'>Mos</span> <span class='ocrx_word' id='word_1_301' title='bbox 1225 3757 1385 3833; x_wconf 88' lang='lat' dir='ltr'>Hsuplan·</span> 
     </span>
     <span class='ocr_line' id='line_1_34' title="bbox 241 3836 1387 3919; baseline -0.001 -16"><span class='ocrx_word' id='word_1_302' title='bbox 241 3847 314 3904; x_wconf 87' lang='lat' dir='ltr'>tavit</span> <span class='ocrx_word' id='word_1_303' title='bbox 335 3850 363 3902; x_wconf 82' lang='lat' dir='ltr'>ct</span> <span class='ocrx_word' id='word_1_304' title='bbox 384 3843 717 3919; x_wconf 77' lang='lat' dir='ltr'>inferius·subplantans</span> <span class='ocrx_word' id='word_1_305' title='bbox 739 3843 915 3918; x_wconf 87' lang='lat' dir='ltr'>suplantabit</span> <span class='ocrx_word' id='word_1_306' title='bbox 943 3874 988 3884; x_wconf 93' lang='lat'><em>-</em></span> <span class='ocrx_word' id='word_1_307' title='bbox 1009 3836 1044 3906; x_wconf 72' lang='lat'>(²)</span> <span class='ocrx_word' id='word_1_308' title='bbox 1066 3843 1144 3901; x_wconf 83' lang='lat' dir='ltr'>DFP</span> <span class='ocrx_word' id='word_1_309' title='bbox 1156 3844 1387 3919; x_wconf 81' lang='lat' dir='ltr'>supplantabitur</span> 
     </span>
     <span class='ocr_line' id='line_1_35' title="bbox 239 3926 1386 4004; baseline -0.002 -12"><span class='ocrx_word' id='word_1_310' title='bbox 239 3964 284 3974; x_wconf 89' lang='lat'><strong>—</strong></span> <span class='ocrx_word' id='word_1_311' title='bbox 306 3926 340 3994; x_wconf 81' lang='lat'>(³)</span> <span class='ocrx_word' id='word_1_312' title='bbox 363 3927 491 3989; x_wconf 81' lang='lat' dir='ltr'><strong>ACDFJ</strong></span> <span class='ocrx_word' id='word_1_313' title='bbox 503 3930 608 3987; x_wconf 90' lang='lat' dir='ltr'>incedit</span> <span class='ocrx_word' id='word_1_314' title='bbox 627 3961 671 3970; x_wconf 92' lang='lat'>—</span> <span class='ocrx_word' id='word_1_315' title='bbox 693 3926 726 3991; x_wconf 78' lang='grc'>(4)</span> <span class='ocrx_word' id='word_1_316' title='bbox 749 3930 858 3987; x_wconf 78' lang='lat' dir='ltr'>Jcrem.</span> <span class='ocrx_word' id='word_1_317' title='bbox 882 3932 910 3999; x_wconf 90' lang='lat'>9,</span> <span class='ocrx_word' id='word_1_318' title='bbox 932 3932 1053 3987; x_wconf 71' lang='lat'><strong><em>4·5.—</em></strong></span> <span class='ocrx_word' id='word_1_319' title='bbox 1075 3927 1108 3992; x_wconf 81' lang='lat'>(5)</span> <span class='ocrx_word' id='word_1_320' title='bbox 1132 3931 1218 3988; x_wconf 83' lang='lat' dir='ltr'>Micb.</span> <span class='ocrx_word' id='word_1_321' title='bbox 1242 3934 1268 4004; x_wconf 84' lang='lat'>7,</span> <span class='ocrx_word' id='word_1_322' title='bbox 1292 3935 1320 3990; x_wconf 90' lang='lat'>6.</span> <span class='ocrx_word' id='word_1_323' title='bbox 1341 3963 1386 3974; x_wconf 90' lang='lat'>-</span> 
     </span>
     <span class='ocr_line' id='line_1_36' title="bbox 242 4012 1386 4092; baseline 0.002 -17"><span class='ocrx_word' id='word_1_324' title='bbox 242 4012 411 4092; x_wconf 72' lang='lat' dir='ltr'>(ssl&#39;Lligua</span> <span class='ocrx_word' id='word_1_325' title='bbox 439 4048 483 4059; x_wconf 89' lang='lat'>-</span> <span class='ocrx_word' id='word_1_326' title='bbox 506 4012 539 4078; x_wconf 82' lang='grc'>(7)</span> <span class='ocrx_word' id='word_1_327' title='bbox 563 4014 706 4075; x_wconf 89' lang='lat' dir='ltr'>Hoculte.</span> <span class='ocrx_word' id='word_1_328' title='bbox 730 4016 804 4074; x_wconf 79' lang='lat' dir='ltr'>Mox</span> <span class='ocrx_word' id='word_1_329' title='bbox 826 4014 1050 4090; x_wconf 80' lang='lat' dir='ltr'>ACFJPponit.</span> <span class='ocrx_word' id='word_1_330' title='bbox 1084 4017 1194 4074; x_wconf 84' lang='lat' dir='ltr'>Jerem.</span> <span class='ocrx_word' id='word_1_331' title='bbox 1217 4020 1252 4091; x_wconf 86' lang='lat'>9,</span> <span class='ocrx_word' id='word_1_332' title='bbox 1281 4021 1309 4076; x_wconf 85' lang='grc'>8.</span> <span class='ocrx_word' id='word_1_333' title='bbox 1341 4049 1386 4060; x_wconf 87' lang='lat'>-·</span> 
     </span>
     <span class='ocr_line' id='line_1_37' title="bbox 242 4097 1386 4178; baseline 0.001 -16"><span class='ocrx_word' id='word_1_334' title='bbox 242 4099 276 4168; x_wconf 88' lang='grc'>(8)</span> <span class='ocrx_word' id='word_1_335' title='bbox 298 4102 453 4168; x_wconf 83' lang='lat' dir='ltr'>BJMadd</span> <span class='ocrx_word' id='word_1_336' title='bbox 474 4107 518 4161; x_wconf 83' lang='lat' dir='ltr'>est</span> <span class='ocrx_word' id='word_1_337' title='bbox 538 4133 582 4144; x_wconf 85' lang='lat'>—</span> <span class='ocrx_word' id='word_1_338' title='bbox 603 4100 636 4166; x_wconf 87' lang='grc'>(9)</span> <span class='ocrx_word' id='word_1_339' title='bbox 661 4100 759 4160; x_wconf 84' lang='lat' dir='ltr'>Galat.</span> <span class='ocrx_word' id='word_1_340' title='bbox 783 4105 810 4174; x_wconf 80' lang='lat'>5,</span> <span class='ocrx_word' id='word_1_341' title='bbox 833 4106 931 4161; x_wconf 84' lang='lat'><strong><em>15.-—</em></strong></span> <span class='ocrx_word' id='word_1_342' title='bbox 953 4097 1003 4166; x_wconf 88' lang='grc'>(10)</span> <span class='ocrx_word' id='word_1_343' title='bbox 1028 4102 1112 4161; x_wconf 88' lang='lat' dir='ltr'>Avel</span> <span class='ocrx_word' id='word_1_344' title='bbox 1134 4121 1170 4162; x_wconf 92' lang='lat' dir='ltr'>ue</span> <span class='ocrx_word' id='word_1_345' title='bbox 1191 4121 1243 4178; x_wconf 89' lang='lat' dir='ltr'>per</span> <span class='ocrx_word' id='word_1_346' title='bbox 1271 4103 1386 4164; x_wconf 84' lang='lat' dir='ltr'>BGvel</span> 
     </span>
     <span class='ocr_line' id='line_1_38' title="bbox 240 4182 1385 4265; baseline 0.002 -17"><span class='ocrx_word' id='word_1_347' title='bbox 240 4207 293 4265; x_wconf 93' lang='lat' dir='ltr'>per</span> <span class='ocrx_word' id='word_1_348' title='bbox 325 4189 403 4247; x_wconf 85' lang='lat' dir='ltr'>CDP</span> <span class='ocrx_word' id='word_1_349' title='bbox 414 4189 461 4249; x_wconf 91' lang='lat' dir='ltr'>vel</span> <span class='ocrx_word' id='word_1_350' title='bbox 483 4195 569 4246; x_wconf 84' lang='lat' dir='ltr'>nt-</span> <span class='ocrx_word' id='word_1_351' title='bbox 583 4182 633 4251; x_wconf 88' lang='lat' dir='ltr'>(ll)</span> <span class='ocrx_word' id='word_1_352' title='bbox 651 4187 710 4246; x_wconf 87' lang='lat' dir='ltr'>DM</span> <span class='ocrx_word' id='word_1_353' title='bbox 722 4189 785 4247; x_wconf 82' lang='lat' dir='ltr'>odd</span> <span class='ocrx_word' id='word_1_354' title='bbox 804 4206 915 4247; x_wconf 89' lang='lat' dir='ltr'>non-</span> <span class='ocrx_word' id='word_1_355' title='bbox 930 4183 981 4252; x_wconf 78' lang='lat'>(12)</span> <span class='ocrx_word' id='word_1_356' title='bbox 997 4189 1080 4247; x_wconf 81' lang='lat' dir='ltr'>Paul.</span> <span class='ocrx_word' id='word_1_357' title='bbox 1101 4192 1146 4262; x_wconf 84' lang='lat'>18,</span> <span class='ocrx_word' id='word_1_358' title='bbox 1169 4193 1252 4248; x_wconf 87' lang='grc'>5.-</span> <span class='ocrx_word' id='word_1_359' title='bbox 1268 4187 1319 4256; x_wconf 86' lang='grc'>(13)</span> <span class='ocrx_word' id='word_1_360' title='bbox 1336 4190 1385 4250; x_wconf 78' lang='grc' dir='ltr'>ΟΡ</span> 
     </span>
    </p>
   </div>
   <div class='ocr_carea' id='block_1_9' title="bbox 242 4271 1486 4350">
    <p class='ocr_par' dir='ltr' id='par_1_10' title="bbox 242 4271 1486 4350">
     <span class='ocr_line' id='line_1_39' title="bbox 242 4271 1486 4350; baseline -0.002 -15"><span class='ocrx_word' id='word_1_361' title='bbox 242 4275 449 4350; x_wconf 87' lang='lat' dir='ltr'>dampnacione</span> <span class='ocrx_word' id='word_1_362' title='bbox 470 4307 515 4318; x_wconf 90' lang='lat'>--</span> <span class='ocrx_word' id='word_1_363' title='bbox 536 4271 587 4339; x_wconf 81' lang='grc'>(14)</span> <span class='ocrx_word' id='word_1_364' title='bbox 610 4275 753 4334; x_wconf 83' lang='lat' dir='ltr'>CDPnec</span> <span class='ocrx_word' id='word_1_365' title='bbox 782 4309 826 4320; x_wconf 92' lang='lat'>-</span> <span class='ocrx_word' id='word_1_366' title='bbox 847 4271 898 4339; x_wconf 81' lang='lat'>(15)</span> <span class='ocrx_word' id='word_1_367' title='bbox 922 4278 986 4334; x_wconf 83' lang='lat' dir='ltr'>Act.</span> <span class='ocrx_word' id='word_1_368' title='bbox 1014 4279 1051 4348; x_wconf 79' lang='lat'>4,</span> <span class='ocrx_word' id='word_1_369' title='bbox 1082 4277 1130 4335; x_wconf 81' lang='lat'>32.</span> <span class='ocrx_word' id='word_1_370' title='bbox 1151 4308 1196 4321; x_wconf 92' lang='lat'>-</span> <span class='ocrx_word' id='word_1_371' title='bbox 1217 4271 1270 4341; x_wconf 81' lang='grc'>(16)</span> <span class='ocrx_word' id='word_1_372' title='bbox 1291 4275 1386 4337; x_wconf 79' lang='lat' dir='ltr'>Anici</span> <span class='ocrx_word' id='word_1_373' title='bbox 1433 4320 1436 4325; x_wconf 91' lang='lat'>.</span> <span class='ocrx_word' id='word_1_374' title='bbox 1483 4297 1486 4300; x_wconf 56' lang='grc'>’</span> 
     </span>
    </p>
   </div>
   <div class='ocr_carea' id='block_1_10' title="bbox 242 4361 1386 4523">
    <p class='ocr_par' dir='ltr' id='par_1_11' title="bbox 242 4361 1386 4523">
     <span class='ocr_line' id='line_1_40' title="bbox 242 4361 1386 4439; baseline 0.003 -19"><span class='ocrx_word' id='word_1_375' title='bbox 242 4362 387 4422; x_wconf 87' lang='lat' dir='ltr'>modicum</span> <span class='ocrx_word' id='word_1_376' title='bbox 408 4365 448 4422; x_wconf 93' lang='lat' dir='ltr'>ibi</span> <span class='ocrx_word' id='word_1_377' title='bbox 469 4369 499 4422; x_wconf 91' lang='lat' dir='ltr'>et</span> <span class='ocrx_word' id='word_1_378' title='bbox 519 4361 664 4422; x_wconf 88' lang='lat' dir='ltr'>modicum</span> <span class='ocrx_word' id='word_1_379' title='bbox 690 4362 730 4422; x_wconf 90' lang='lat' dir='ltr'>ibi</span> <span class='ocrx_word' id='word_1_380' title='bbox 782 4361 912 4423; x_wconf 70' lang='lat' dir='ltr'>coesi&gt;</span> <span class='ocrx_word' id='word_1_381' title='bbox 926 4364 980 4422; x_wconf 88' lang='lat' dir='ltr'>nisi</span> <span class='ocrx_word' id='word_1_382' title='bbox 1003 4361 1148 4424; x_wconf 90' lang='lat' dir='ltr'>modicum</span> <span class='ocrx_word' id='word_1_383' title='bbox 1175 4363 1226 4426; x_wconf 87' lang='lat' dir='ltr'>ibi.</span> <span class='ocrx_word' id='word_1_384' title='bbox 1247 4363 1319 4425; x_wconf 74' lang='lat' dir='ltr'>laud</span> <span class='ocrx_word' id='word_1_385' title='bbox 1336 4366 1386 4439; x_wconf 79' lang='lat'>28,</span> 
     </span>
     <span class='ocr_line' id='line_1_41' title="bbox 243 4443 1244 4523; baseline 0.007 -17"><span class='ocrx_word' id='word_1_386' title='bbox 243 4450 289 4507; x_wconf 88' lang='grc'>10.</span> <span class='ocrx_word' id='word_1_387' title='bbox 310 4480 354 4492; x_wconf 90' lang='lat'>-</span> <span class='ocrx_word' id='word_1_388' title='bbox 375 4443 427 4514; x_wconf 77' lang='grc'>(17)</span> <span class='ocrx_word' id='word_1_389' title='bbox 448 4448 635 4523; x_wconf 82' lang='lat' dir='ltr'>JMparietes</span> <span class='ocrx_word' id='word_1_390' title='bbox 1241 4462 1244 4467; x_wconf 82' lang='lat'>&#39;</span> 
     </span>
    </p>
   </div>
   <div class='ocr_carea' id='block_1_11' title="bbox 0 0 1633 5130">
    <p class='ocr_par' dir='ltr' id='par_1_12' title="bbox 0 0 1633 5130">
     <span class='ocr_line' id='line_1_42' title="bbox 0 0 1633 5130; baseline 0 0"><span class='ocrx_word' id='word_1_391' title='bbox 0 0 1633 5130; x_wconf 95' lang='lat' dir='ltr'> </span> 
     </span>
    </p>
   </div>
  </div>
 </body>
</html>
