3232 5130
388 347 450 410 130

383 479 579 564 tiennmss).
611 478 703 546 Unde
721 480 767 545 illi
787 480 826 546 ox
852 484 920 548 toto
947 478 1197 562 liberantur‘qui
1223 479 1270 546 sic
1294 478 1448 545 decedunt
1459 478 1527 564 (2).

384 584 447 652 Sed
467 588 591 667 oportet
610 582 808 665 quod(a)illi
828 583 882 665 qui
902 587 974 665 post
994 582 1181 665 baptismum
1208 586 1355 665 peccant,
1384 582 1529 665 contigu-

383 694 492 754 rentur
512 686 612 754 Crista
638 688 772 770 pacienti
799 705 857 770 per
885 686 1001 770 aliqrdd
1011 686 1059 770 (4)
1070 685 1247 769 penalitstis
1275 687 1325 752 vel
1351 688 1526 769 passionis,

384 812 478 877 quam
497 794 531 857 in
552 793 660 875 seipsis
674 793 862 859 sustineant:
886 810 946 874 que
960 796 1064 856 tamen
1077 791 1174 857 multo
1188 792 1288 857 minor
1300 790 1413 857 sufficit
1425 809 1529 874 quam

267 912 272 919 ·
383 902 467 963 esset
508 897 657 977 condigna
702 901 845 978 peccato,
890 900 1074 978 cooperante
1118 893 1328 969 satisfaccione
1369 895 1526 977 predicta.

385 999 629 1067 DISCIPULUS
640 999 706 1084 (5):
727 999 901 1065 Redeamus
924 1017 1012 1080 ergo-
1026 998 1067 1062 ad
1094 997 1175 1062 banc
1203 992 1365 1064 materiam
1386 999 1528 1065 utilitate

383 1106 576 1189 precipuam,
605 1105 644 1171 de
673 1121 735 1186 qna
762 1107 882 1168 tantam
911 1102 1129 1184 digressmnem
1157 1101 1300 1183 fecimus,
1329 1104 1528 1169 occasionem

382 1214 540 1275 tantorum
560 1208 768 1274 misteriorum
789 1208 855 1273 eius
878 1225 916 1272 ex
936 1207 1078 1272 ubertate
1098 1211 1263 1272 sumentes.

716 1341 1170 1398 -ή-»νιιεα-ο-

478 1503 638 1582 Quomodo
659 1520 750 1568 verus
773 1450 868 1567 Cristi
887 1501 1053 1583 discipulus
1075 1501 1167 1566 debet
1187 1518 1221 1565 se
1243 1498 1434 1582 configurare

790 1605 983 1688 passionibus
1004 1605 1111 1687 ipsius.

684 1775 873 1859 Capittulum
893 1777 1034 1860 quintum
1056 1778 1217 1842 decimum.

446 1938 550 2020 Jgitur
570 1953 640 2001 cnm
660 1952 710 1999 me
731 1931 786 1998 filii
806 1933 1004 1998 tenebrarum
1019 1934 1117 1999 mucis
1134 1934 1272 2017 patibulo
1284 1933 1473 2018 affixisseut(
1498 1935 1528 2019 )‚

381 2063 444 2109 non
465 2039 585 2108 suffecit
606 2038 649 2104 eis
670 2038 859 2104 horrendum
880 2037 1062 2119 supplicium
1083 2037 1176 2102 michi
1200 2038 1341 2119 illatum,
1369 2038 1426 2104 sed
1451 2057 1529 2105 crn-

380 2148 478 2215 delius
499 2144 651 2211 sevientes
672 2159 776 2208 coram
797 2141 920 2206 dolente
942 2146 975 2206 et
995 2141 1145 2207 moriente
1167 2141 1310 2223 stabant,
1338 2148 1371 2207 et
1391 2160 1442 2206 me
1466 2144 1529 2209 de-

379 2252 536 2329 ridebant,
559 2253 592 2313 et
611 2246 852 2328 blasphemando
873 2245 1120 2326 subsannabant,
1142 2253 1308 2312 moventes
1323 2247 1425 2330 capita
1452 2266 1526 2331 sua,

381 2360 414 2421 et
437 2352 608 2436 obprobriis
634 2350 803 2433 inpiissime
831 2350 979 2416 miserum
1006 2347 1192 2431 affligebant
1230 2350 1298 2432 Ego
1328 2356 1433 2416 antem
1460 2351 1526 2420 biis

381 2477 445 2524 non
465 2460 584 2536 motus,
608 2455 664 2520 sed
685 2454 842 2537 pacienter
863 2454 1018 2520 sustinens
1040 2453 1178 2518 aiebam:
1200 2453 1295 2519 Pater
1314 2455 1439 2536 ignosce
1460 2456 1524 2538 eis,

384 2563 457 2647 quia
476 2560 619 2627 nesciunt
639 2559 713 2642 quid
733 2557 859 2623 faciunt.
892 2557 984 2623 Jnter
1005 2558 1082 2623 duos
1103 2557 1239 2624 latrones
1267 2562 1426 2641 tamquam
1446 2579 1525 2643 sup·

382 2668 465 2752 plicii
492 2684 595 2744 reum,
624 2681 675 2728 me
703 2663 753 2727 dei
780 2660 877 2726 filium
898 2661 1142 2743 suspenderimt3
1173 2667 1206 2727 et
1233 2681 1313 2728 unus
1337 2664 1460 2746 quidem
1481 2683 1524 2730 ex

382 2773 441 2839 biis
461 2789 512 2836 me
534 2767 708 2846 deridebat,
738 2766 815 2831 alius
844 2769 948 2829 autern
976 2766 1182 2846 patrocinium
1202 2785 1306 2832 meum
1327 2768 1521 2850 inplorabat,

382 2894 475 2960 quem
497 2873 642 2941 continuo
663 2871 704 2936 ad
725 2870 862 2952 graciam
882 2869 994 2951 recepi,
1017 2873 1050 2934 et
1070 2875 1268 2952 peccatorum
1288 2872 1408 2938 veniam
1420 2870 1522 2935 tribu-

383 2982 473 3061 endo,
493 2978 680 3062 paradysum
701 2975 731 3040 ei
751 2975 896 3040 celestem
916 2974 1052 3056 promisi.
1086 2973 1304 3058 Gircumspexi,
1326 2980 1359 3040 et
1370 2993 1432 3040 non
1449 2980 1521 3039 erat

384 3085 556 3152 auxiliator.
588 3080 702 3148 Omnes
723 3097 774 3143 me
796 3078 1024 3160 dereliquerant
1035 3078 1100 3161 (7);
1123 3080 1190 3145 noti
1212 3098 1334 3162 quoque
1355 3080 1417 3145 mei
1430 3079 1522 3160 quasi

384 3190 477 3256 alieni
504 3183 785 3267 recesserant(8)a
804 3201 864 3247 me.
898 3182 1028 3248 Stabant
1049 3183 1174 3265 quidam
1196 3194 1234 3248 ex
1254 3184 1313 3250 hiis
1335 3202 1355 3248 a
1374 3185 1475 3265 longe,
1488 3189 1522 3249 et

384 3313 445 3379 que
467 3293 548 3359 circa
568 3306 619 3355 me
639 3286 754 3354 fiebant
776 3287 1019 3353 considerabant.
1052 3287 1178 3353 lbatrm
1200 3306 1322 3370 quoque
1344 3289 1405 3353 mei
1418 3289 1451 3353 in
1465 3306 1521 3353 an-

384 3398 494 3484 gustiis
520 3394 629 3461 mortis
657 3392 803 3474 disparsi,
834 3410 854 3456 a
881 3410 931 3457 me
960 3389 1168 3473 diffugiebant.
1210 3391 1403 3457 Vestimenta
1428 3392 1522 3457 michi

384 3509 518 3571 tortores
539 3497 752 3578 extrahentes,
780 3495 899 3562 nudum
927 3496 1117 3578 reliquerunt
1128 3494 1187 3578 (9).
1199 3494 1327 3560 Summa
1352 3495 1402 3561 dei
1422 3497 1520 3563 virtius

385 3614 418 3676 et
437 3604 581 3691 potencia
601 3600 719 3669 (bistns
730 3600 954 3687 (10)dominus
974 3604 1050 3664 tunc
1070 3599 1284 3664 miserabiliter
1304 3600 1405 3679 stetit,
1432 3601 1521 3682 quasi

384 3712 469 3780 omni
488 3710 602 3775 virtute
623 3706 771 3789 privatus.
804 3704 887 3770 Nam
907 3704 1023 3787 absque
1043 3704 1253 3769 misericordia
1272 3721 1323 3768 me
1336 3704 1521 3771 cmciatibus

382 3796 539 3884 acerrimis
566 3812 764 3876 vexaverunt.
796 3809 864 3890 Ego
893 3812 997 3873 autem
1023 3812 1183 3890 tamquam
1209 3826 1307 3889 agnus
1334 3813 1520 3874 mansuetus

384 3922 438 4005 qui
457 3920 601 4002 portatur
622 3914 662 3978 ad
690 3913 845 3978 victimam
874 3913 1029 3993 obmutui,
1058 3917 1090 3977 et
1118 3931 1180 3979 non
1208 3913 1316 3995 aperui
1342 3932 1377 3979 os
1405 3932 1518 3978 meum.

449 4075 483 4143 (1)
512 4075 742 4135 Bbabtismum:
770 4072 814 4129 ito
843 4077 871 4129 et
884 4071 990 4144 ‘paolo
1012 4078 1105 4151 post·
1118 4103 1163 4114 —
1190 4066 1224 4136 (2)
1254 4070 1446 4132 l'discednnt
1475 4104 1520 4115 —

384 4163 417 4232 (3)
439 4161 591 4226 BCEFHJ
602 4166 635 4219 ut
653 4192 698 4203 -
719 4152 754 4222 (4)
776 4155 851 4216 DFJ
862 4155 977 4231 aliquod
990 4189 1034 4200 —
1055 4152 1089 4221 (5)
1110 4153 1354 4221 DISCIPULUS
1376 4175 1425 4217 om
1447 4157 1519 4236 cM,

383 4270 454 4313 mon
476 4250 649 4326 CGPigitur
675 4279 720 4289 —
742 4238 776 4309 (6)
797 4242 935 4303 EGLMP
945 4243 1126 4320 afflixisssut3
1152 4262 1224 4305 mox
1246 4244 1448 4306 CHMsufficit
1474 4278 1520 4289 -

384 4334 418 4401 (t)
439 4336 708 4411 Mderelinquerant
750 4329 1130 4406 DEGderelinqnerunt—
1143 4325 1177 4394 (8)
1198 4330 1520 4399 BDLrecesserunt-

382 4421 416 4490 (9)
439 4422 752 4497 GHrelinqnernnt—
773 4413 865 4483 (¹0lA
875 4419 1008 4494 potencia
1026 4433 1080 4495 ego
1101 4416 1209 4477 scilicet
1228 4425 1256 4478 ct
1263 4419 1437 4496 paulopost
1453 4421 1520 4480 steti
