3232 5130
419 367 479 431 132

410 501 517 569 videns
539 499 683 566 dilectum
703 518 761 582 pro
783 500 894 566 dilecto
915 497 1048 565 fideliter
1060 498 1149 580 mori,
1166 517 1230 565 non
1244 499 1558 584 conmoriretur(1)‘?

412 606 550 685 Qrmliter
577 605 674 670 eciam
702 605 805 671 viuere
833 609 955 687 posset,
985 608 1017 668 et
1046 622 1108 668 non
1136 603 1242 685 pocius
1271 603 1398 685 eligeret
1426 604 1555 671 fortiter

411 709 500 789 mori,
522 725 615 791 quam
635 706 797 773 infeliciter
823 708 948 774 viuere?
979 707 1149 789 Propterea
1178 707 1285 788 utique
1314 707 1455 789 elegisset
1484 727 1557 774 sus-

411 814 557 898 pendium
578 812 680 875 amma
700 829 785 891 mea,
816 817 848 875 et
875 816 1008 877 mortem
1036 828 1107 877 ossa
1135 810 1274 894 meato).
1315 811 1555 877 SAPIENOIA:

412 919 501 984 Hanc
521 917 629 982 horam
650 915 801 981 moriendi
822 916 861 981 ab
884 920 991 981 eterno
1012 915 1105 981 michi
1126 914 1278 997 praelegi,
1308 920 1344 980 ut
1373 915 1455 981 solus
1476 920 1558 981 tunc

414 1024 538 1089 calicem
558 1038 627 1085 mee
640 1020 775 1086 biberem
788 1019 836 1104 (3)
847 1021 1015 1102 passionis,
1039 1024 1070 1085 et
1091 1024 1223 1085 mortem
1243 1039 1300 1101 pro
1322 1020 1462 1086 omnibus
1482 1039 1558 1086 sus·

411 1129 550 1193 tinerem.
585 1124 676 1189 Nunc
696 1128 801 1190 autem
821 1128 943 1207 tenpus
966 1125 1070 1204 adest,
1101 1129 1137 1189 ut
1160 1125 1261 1199 omnis
1283 1125 1336 1206 qui
1357 1125 1423 1189 vult
1444 1126 1557 1191 venire

410 1236 482 1315 post
501 1248 552 1295 mo
572 1229 705 1311 abneget
725 1229 924 1312 semetipsum
947 1234 979 1295 et
998 1229 1089 1295 tollat
1111 1247 1232 1294 crucem
1252 1246 1340 1294 suam
1358 1234 1390 1293 et
1402 1234 1559 1311 sequatur

411 1354 470 1401 me.
503 1334 546 1399 Et
566 1334 643 1398 sciat
663 1353 720 1415 pro
743 1338 828 1399 certo
850 1334 931 1399 hanc
951 1332 1166 1418 ymitaoionem
1188 1333 1330 1402 devotum
1351 1337 1417 1398 tam
1439 1351 1554 1417 accep-

411 1440 536 1506 tabilem
556 1437 649 1503 michi
669 1437 751 1519 fore,
775 1444 924 1521 quantum
945 1437 1053 1504 fuisset
1073 1456 1131 1520 pro
1153 1442 1227 1503 tunc
1248 1439 1275 1503 si
1296 1456 1416 1503 mecum
1437 1440 1556 1520 persti-

411 1544 515 1622 tisset,
544 1547 577 1608 et
603 1546 742 1607 mortuus
771 1543 890 1625 pariter
918 1561 987 1607 cum
1009 1542 1159 1607 moriente
1179 1539 1296 1607 fuisset.
1336 1541 1379 1606 Et
1400 1559 1470 1607 ecoe
1491 1543 1558 1610 heo

412 1650 471 1715 erit
492 1666 565 1713 crux
587 1652 657 1726 tuo,
687 1665 780 1729 quam
801 1651 927 1729 portare
949 1646 1058 1725 debes,
1089 1646 1115 1711 si
1143 1646 1189 1710 uis
1218 1664 1304 1711 meus
1329 1663 1395 1711 osse
1417 1652 1554 1714 amator.

411 1753 670 1833 Quandocumque
692 1751 838 1817 exercicio
859 1752 1008 1816 virtutum
1032 1753 1063 1814 et
1084 1750 1257 1815 divinorum
1281 1750 1449 1833 explecioni
1460 1769 1556 1818 man·

411 1859 553 1924 datorum
574 1855 711 1921 studiose
731 1855 867 1921 intentus
889 1873 922 1919 es
942 1873 1000 1936 pro
1021 1871 1112 1935 posse
1133 1858 1198 1933 tuo,
1221 1859 1377 1920 ettamen
1400 1855 1439 1920 ab
1461 1872 1554 1922 emu-

410 1963 448 2028 lis
470 1979 508 2026 ex
527 1960 587 2025 boc
608 1959 775 2024 derisiones
796 1977 852 2024 seu
873 1958 1082 2023 detractiones
1103 1957 1223 2039 recipis,
1246 1959 1372 2041 insuper
1386 1965 1418 2023 et
1430 1960 1462 2024 in
1476 1977 1556 2025 ocu·

410 2069 448 2133 lis
470 2083 576 2131 eorum
597 2064 629 2127 in
647 2066 770 2127 tantum
783 2063 902 2128 vilescis
914 2062 962 2147 (4)
974 2066 1006 2127 et
1021 2061 1212 2144 despicabilis
1227 2081 1367 2145 apparas,
1384 2069 1419 2128 ut
1432 2063 1553 2148 hoc(5)

410 2192 473 2239 non
493 2169 600 2236 virtuti
620 2167 776 2250 paciencia
797 2167 967 2246 ascribant,
996 2183 1055 2230 nec
1081 2165 1184 2247 gracie
1212 2173 1342 2248 quaest
1365 2168 1398 2232 in
1418 2172 1467 2247 te,
1490 2170 1552 2235 sed

409 2274 581 2359 inpotencie
603 2278 635 2336 et
655 2272 791 2353 ignavie,
820 2277 852 2336 et
885 2271 968 2353 quod
989 2274 1022 2335 te
1044 2270 1200 2335 vindicare
1220 2270 1325 2336 volens
1346 2290 1408 2337 non
1430 2272 1551 2340 audeas

410 2380 459 2447 vel
480 2379 574 2455 scias;
596 2380 631 2440 tu
652 2381 757 2440 autem
777 2375 836 2440 hoc
847 2374 896 2458 (6)
906 2393 969 2440 non
989 2373 1090 2440 solum
1111 2375 1268 2456 pacienter
1290 2377 1322 2438 et
1335 2373 1465 2441 libenter
1485 2396 1547 2458 pro

411 2486 468 2551 deo
489 2479 633 2560 sufferas,
662 2498 769 2544 vemm
796 2479 893 2545 eciam
921 2496 959 2543 ex
987 2476 1270 2559 superhabundenti
1296 2483 1417 2560 patrem
1438 2480 1491 2562 qui
1510 2481 1546 2545 in

412 2591 483 2657 celis
503 2592 560 2667 est,
582 2585 725 2652 seriosius
747 2603 804 2666 pro
827 2584 871 2648 eis
893 2599 1021 2647 exorare
1038 2581 1202 2661 studueris,
1225 2585 1257 2646 et
1270 2600 1323 2647 eos
1338 2582 1447 2649 devoto
1460 2585 1546 2666 apud

410 2713 460 2761 me
482 2689 683 2767 excusaveris,
705 2689 788 2770 ipsos
809 2685 901 2750 michi
922 2685 1202 2752 reconmendando:
1226 2686 1415 2769 Quicumque
1431 2689 1463 2752 in
1484 2688 1545 2754 hac

409 2797 626 2866 contrarietate
646 2793 742 2857 lesiva
764 2791 804 2855 ad
825 2790 954 2872 gloriam
977 2793 1008 2854 et
1029 2790 1242 2873 ymitacionem
1264 2790 1396 2857 crucifixi
1406 2791 1543 2872 seipsum

408 2899 608 2985 superaverit,
631 2896 709 2962 scire
732 2894 823 2960 debet
844 2894 1119 2976 quocienscumque
1140 2894 1199 2960 hoc
1219 2894 1333 2974 iecerit,
1355 2894 1438 2977 quod
1458 2911 1542 2957 mor-

406 3012 471 3071 tem
492 3001 613 3069 domini·
628 2999 716 3082 quasi
736 3002 877 3064 recenter
898 2998 1079 3063 reviviscere
1100 2997 1183 3078 facit,
1206 3003 1238 3062 et
1258 2999 1430 3080 ymaginem
1444 2997 1541 3062 cruci·

407 3109 460 3174 fixi
480 3109 512 3172 in
534 3124 567 3172 se
588 3104 733 3188 portabit.
766 3102 850 3169 Jtem
871 3102 898 3167 si
918 3101 1000 3167 bona
1021 3120 1116 3185 opera
1143 3101 1271 3182 faciens,
1288 3107 1335 3167 et
1362 3103 1543 3169 innocenter

407 3233 446 3279 ac
464 3209 642 3293 simpliciter
661 3208 695 3272 in
714 3207 765 3272 via
787 3207 902 3272 domini
922 3206 1091 3285 ambulans,
1115 3223 1209 3288 opera
1229 3210 1283 3270 tua
1303 3206 1385 3272 bona
1406 3207 1445 3272 ab
1464 3207 1542 3272 invi-

407 3320 454 3385 dis
473 3312 721 3400 persecutoribus
744 3311 1011 3391 conculcarentur,
1040 3312 1166 3393 insuper
1187 3311 1226 3375 de
1247 3315 1279 3375 te
1299 3329 1362 3375 non
1383 3312 1465 3377 bona
1485 3313 1542 3376 sed

403 3422 486 3489 mala
506 3419 618 3501 ubique
638 3416 848 3498 loquerentur,
869 3415 1007 3497 falsaque
1029 3414 1084 3480 tibi
1105 3414 1203 3479 multa
1215 3414 1473 3498 (7)inponenteS,
1494 3418 1542 3481 vi-

403 3531 468 3593 tam
490 3529 576 3589 tuam
595 3522 628 3587 in
651 3520 746 3586 oculis
768 3525 801 3585 te
822 3520 938 3586 honore
953 3519 1080 3600 dignum
1097 3518 1278 3584 habentium
1293 3518 1463 3601 depravare
1476 3538 1540 3585 non

403 3630 601 3705 desisterent3
623 3629 784 3690 tuentem
806 3642 844 3689 ex
864 3623 923 3688 biis
943 3641 1006 3688 non
1027 3626 1146 3701 motus,
1177 3622 1233 3687 sed
1257 3624 1355 3703 magis
1378 3622 1540 3706 exhylara-

403 3740 463 3815 tus,
485 3735 518 3797 in
538 3733 626 3795 tanta
647 3746 788 3793 maneres
809 3727 1063 3809 persequenoium
1084 3726 1233 3805 te,oordis
1247 3727 1373 3808 pietate,
1396 3731 1432 3791 ut
1445 3745 1537 3809 para-

307 3910 313 3920 ,
402 3846 454 3906 tus
477 3855 560 3903 esses
582 3834 664 3900 omni
684 3832 763 3898 hora
783 3831 902 3897 sincero
923 3829 1035 3897 affectu
1057 3834 1089 3897 et
1109 3831 1161 3913 pio
1183 3832 1276 3896 corde
1296 3836 1420 3897 cunctas
1443 3829 1539 3896 offen-

403 3963 454 4010 sas
475 3941 642 4017 remittere,
664 3941 700 4001 ut
720 3937 765 4001 sic
786 3935 909 4017 penitus
929 3935 964 4001 in
984 3939 1016 3999 te
1038 3935 1138 4000 delete
1153 3940 1263 4015 essent,
1278 3936 1354 4001 acsi
1370 3952 1539 4016 numquam

400 4048 480 4116 facte
501 4044 644 4121 fuissent;
666 4041 741 4123 ipsis
763 4056 885 4122 quoque
907 4039 1052 4121 preberes
1066 4040 1226 4107 consilium
1240 4045 1272 4106 et
1286 4041 1432 4105 auxilium
1446 4057 1538 4121 opor-

465 4186 499 4253 (1)
512 4183 674 4247 BFGHJM
686 4184 875 4242 conmorietur
897 4181 945 4239 GP
957 4189 1167 4242 commoreretur
1187 4183 1237 4240 EL
1249 4188 1438 4242 commoretur.
1452 4180 1537 4256 Ooaf.

401 4275 545 4338 Elabord.
575 4274 629 4330 Vtt
652 4271 730 4329 Kar.
751 4270 793 4329 M.
816 4287 879 4343 cop.
900 4271 945 4327 19.
966 4271 1010 4328 ecl.
1032 4272 1132 4329 Perta.
1155 4301 1199 4312 —-
1221 4264 1254 4332 (2)
1276 4267 1336 4326 Job
1360 4270 1393 4340 7,
1421 4272 1466 4327 15.
1492 4300 1537 4310 -

401 4357 435 4425 (3)
456 4361 510 4422 BD
522 4361 649 4420 biberem
662 4351 1012 4431 meo-(4)Mvilesoas;
1035 4373 1106 4415 moa
1126 4353 1183 4414 Al)
1195 4371 1389 4430 apparaas—
1405 4350 1438 4419 (5)
1461 4352 1536 4413 DJL

399 4449 453 4511 bec
474 4480 517 4494 -
539 4443 572 4509 lssl
596 4444 653 4505 GH
664 4443 718 4504 hec
738 4477 782 4488 —
809 4438 843 4507 (7)
862 4442 915 4502 EF
926 4442 1016 4503 multa
1037 4444 1087 4503 tibi
