3232 5130
232 343 362 413 40,

232 493 376 573 Agnosce
386 490 506 555 vultum
518 508 633 555 meum.
666 488 736 571 Ego
751 489 833 554 enim
847 507 917 555 sum
938 489 992 573 qui
1011 494 1228 573 paupertatem
1247 488 1379 554 sustinui

231 599 268 660 ιιι
292 599 325 660 te
352 594 501 672 ditarem,
534 596 668 657 mortem
688 593 803 675 pertuli
824 593 1049 659 amarissimam
1069 598 1106 658 ut
1125 598 1158 658 te
1178 590 1374 659 vivificarem.

231 695 372 780 decep)
385 695 435 760 hic
461 701 511 762 sto
539 696 693 762 mediator
725 696 776 761 dei
804 700 836 760 nt
865 696 1040 776 hominnm,
1073 700 1233 763 reservata
1259 695 1376 760 habens

232 802 331 867 erucis
352 801 508 881 stigmata,
530 801 729 882 interponens
751 800 820 881 ipsa
835 800 975 865 districto
987 800 1035 883 (ι)
1046 800 1159 865 iudicio
1169 799 1268 865 eterni
1279 799 1376 880 patris

232 908 265 969 et
286 904 403 969 eunetis
432 905 566 985 peccatis
594 904 665 968 tuis.
707 904 798 968 Nune
827 905 922 984 igitur
950 905 1012 969 noli
1024 904 1073 987 (a)
1087 905 1206 968 timere.
1246 902 1296 966 En
1318 920 1376 982 ego

233 1024 302 1073 aum
330 1005 428 1071 frater
455 1010 544 1086 tuus,
577 1025 709 1088 sponsus
731 1012 819 1086 tuus,
853 1011 981 1088 paratus
993 1007 1041 1091 (l)
1055 1006 1196 1073 misereri
1216 1008 1249 1069 et
1270 1009 1375 1085 tegere

231 1114 424 1192 peecatatua
446 1114 478 1174 et
498 1110 637 1192 proicere
658 1111 690 1175 in
712 1109 900 1193 profundum
912 1110 960 1193 (o)
973 1111 1077 1190 maris,
1100 1115 1133 1174 et
1153 1110 1198 1174 sio
1216 1109 1375 1173 remittere

232 1214 320 1294 qtrusi
340 1232 508 1295 numquam
530 1213 654 1293 fuerint,
677 1213 845 1279 dummodo
868 1215 1006 1279 converti
1028 1218 1060 1278 et
1082 1214 1121 1278 de
1142 1217 1244 1278 cetero
1267 1231 1375 1277 cavere

232 1317 288 1382 tibi
308 1318 442 1383 volueris
455 1317 513 1401 (6).
547 1318 668 1383 Lavare
689 1318 722 1382 in
744 1318 900 1399 sanguine
911 1318 960 1402 (ι)
971 1336 1058 1397 meo,
1088 1318 1130 1383 Jn
1151 1318 1307 1398 sanguine
1327 1318 1375 1381 in-

231 1439 324 1503 quam
345 1422 418 1502 ogni
438 1421 616 1486 inmacrdati
637 1439 742 1486 amore
763 1422 949 1503 plenissimi,
972 1426 1004 1485 et
1024 1440 1115 1487 roseo
1137 1422 1239 1486 oolore
1260 1420 1374 1502 preful-

231 1525 326 1605 genti.
368 1524 454 1589 Lava
474 1525 514 1589 de
535 1530 620 1589 terra
642 1529 735 1607 eaput
747 1525 796 1607 (8)
807 1530 904 1589 tuum.
949 1524 1046 1606 Aperi
1068 1525 1182 1603 oeulos,
1205 1525 1374 1589 et-anime·

231 1628 320 1710 quior
333 1632 409 1694 esto.
442 1629 523 1694 Ecce
537 1629 693 1711 profertur
707 1629 763 1693 tibi
783 1629 863 1693 stola
875 1628 994 1710 -prima,
1017 1628 1110 1692 datur
1130 1630 1262 1693 annulus
1283 1629 1373 1694 intel·

229 1731 367 1814 ligeqcie,
381 1736 413 1796 et
426 1733 626 1797 calciamenta
638 1732 836 1809 exhibentur3
859 1731 973 1796 vitulus
985 1732 1144 1812 saginatus
1156 1733 1325 1816 omittitur(
1347 1733 1371 1814 ),

176 1872 181 1882 -
229 1848 342 1900 nomen
364 1837 493 1901 amabile
514 1837 669 1916 redditur,
691 1841 728 1902 ut
748 1853 863 1919 sponsa
884 1836 983 1900 eterni
997 1836 1078 1916 regis
1095 1837 1137 1901 sis
1151 1840 1183 1900 et
1197 1837 1370 1918 appelleris.

229 1938 353 2003 Etenim
364 1959 426 2005 non
438 1941 688 2022 corruptibilibus
695 1960 771 2006 auro
786 1944 818 2004 et
832 1944 970 2020 argento,
984 1940 1049 2004 sed
1064 1940 1203 2022 pretioso
1216 1943 1372 2022 sauguine

229 2061 299 2109 meo
320 2048 353 2107 te
374 2044 589 2127 redemi(10),
613 2049 645 2108 et
666 2063 736 2109 oum
757 2048 845 2125 tanto
866 2043 972 2108 labore
993 2043 1155 2125 acquisivi,
1184 2048 1304 2108 utnon
1323 2046 1371 2110 in-

230 2147 340 2213 merito
362 2147 489 2213 debeam
511 2149 647 2229 gaudere
669 2149 717 2213 de·
729 2148 829 2213 salute
850 2151 914 2227 tua,
938 2147 1032 2211 etad
1052 2146 1370 2213 veniamessefaoilis.

229 2251 343 2317 Mirum
365 2255 414 2318 est
434 2255 466 2317 et
486 2253 577 2317 valde
598 2253 772 2343 minapdum
795 2252 878 2335 quod
900 2253 1001 2318 dioere
1021 2253 1101 2332 volo,
1118 2251 1369 2335 certissima(11)

228 2359 333 2420 tamen
355 2360 387 2421 et
405 2357 579 2422 indubitata
599 2355 661 2422 fide
682 2358 858 2423 tenendum.
901 2357 983 2422 Eece
1004 2357 1030 2422 si
1043 2360 1128 2422 totus
1141 2356 1274 2421 mundus
1288 2360 1370 2422 esset

229 2459 337 2539 globus
365 2460 489 2541 igneus,
524 2465 556 2526 et
577 2462 616 2539 jn
638 2463 738 2527 medio
761 2463 827 2527 eius
850 2462 889 2526 de
909 2462 1024 2543 stipula
1045 2461 1099 2524 lini
1121 2461 1254 2542 pugillus
1275 2479 1371 2525 unus:

229 2562 280 2628 hic
308 2582 345 2627 ex
373 2582 429 2628 sua
458 2563 592 2628 naturali
606 2546 885 2646 (lt)irrolinaoione
913 2583 976 2629 non
1003 2568 1068 2627 tam
1098 2564 1158 2627 cito
1179 2562 1372 2626 flammarum

228 2667 369 2732 inoendia
395 2668 562 2748 reciperet,
598 2667 677 2731 sieut
698 2668 825 2749 abyssus
847 2667 1084 2731 misemcionum
1104 2683 1243 2730 mearum
1264 2683 1372 2746 peeca-

227 2774 328 2837 torem
356 2772 546 2851 penitentem
576 2775 607 2833 et
637 2771 772 2835 converti
801 2766 964 2854 volentem,
1010 2770 1089 2846 Quia
1115 2770 1147 2832 in
1173 2768 1227 2832 illa
1248 2768 1371 2832 actione

228 2873 363 2937 naturali
383 2873 523 2955 aliqualis
544 2873 617 2939 lieet
637 2874 764 2937 minima
782 2878 814 2937 et
826 2873 1064 2955 inperoeptibilis
1079 2872 1288 2953 requireretur
1299 2872 1370 2954 (13)

228 2970 368 3055 morula,
380 2977 435 3040 sed
456 2978 541 3041 nulla
562 2978 684 3060 penitus
706 2997 794 3042 mora
813 2978 894 3041 inter
906 2979 1096 3059 penitentem
1109 2980 1141 3040 et
1151 2976 1369 3056 remittentem,

228 3080 310 3145 inter
330 3084 505 3159 gementem
526 3084 558 3145 et
579 3082 711 3162 gemitus
733 3081 956 3146 exaudientem.
989 3079 1249 3146 DISCIPULUS:
1274 3080 1371 3162 Opa-

229 3176 388 3249 ternorum
407 3183 477 3267 (14)
495 3185 648 3249 viseerum
679 3186 779 3269 pietas
806 3185 962 3263 inaudita,
997 3184 1023 3249 Ο
1051 3183 1186 3249 fraterne
1214 3183 1370 3251 fidelitatis

231 3288 356 3354 dileeoio
377 3289 546 3370 stupenda,
576 3289 604 3354 0
627 3290 751 3354 unicum
773 3290 873 3373 cordis
895 3289 956 3353 mei
976 3276 1138 3369 gaudium,
1167 3295 1203 3353 tu
1223 3307 1264 3353 ne
1284 3289 1370 3353 illum

229 3392 382 3457 abiectum
402 3385 588 3475 perdicionis
610 3391 706 3457 filium
736 3394 870 3475 dignaris
899 3394 1000 3458 adhuc
1026 3394 1184 3475 recipere?
1212 3393 1371 3475 Numquid

229 3495 414 3589 ne(15)reo
444 3498 568 3577 mortis,
592 3499 732 3563 omnibus
760 3498 971 3578 iniquitatibus
1000 3498 1129 3562 obnoxio
1158 3498 1293 3578 graciam
1323 3500 1369 3563 vis

229 3601 476 3685 mpendere?·0
505 3603 810 3685 perindigemus,
845 3601 1065 3682 Obenignitas
1085 3602 1311 3683 inenarrabilis,
1342 3604 1368 3670 O

291 3772 329 3840 (1)
352 3770 481 3836 DP'odd
509 3796 563 3854 ego
591 3813 636 3822 —
658 3775 691 3844 (2)
715 3780 847 3838 Bstrioto
869 3811 913 3821 -
934 3772 969 3842 (3)
992 3776 1045 3836 An
1057 3794 1125 3854 ergo
1149 3778 1208 3838 noli
1253 3778 1369 3837 0an

232 3879 299 3938 ergo
327 3895 371 3907 -
400 3858 433 3928 (4)
463 3863 591 3923 DPodd
617 3866 667 3924 tibi
696 3898 741 3909 -
770 3862 803 3926 (5)
834 3864 1043 3939 CPprofundo.
1073 3865 1160 3924 Miob.
1189 3867 1222 3937 7,
1251 3868 1295 3924 19.
1325 3898 1369 3907 -

231 3944 265 4013 (θ)
280 3949 409 4009 ADEFJ
419 3951 470 4009 tibi
490 3968 592 4010 oavere
606 3951 730 4010 volueris
762 3952 848 4010 Ptibl
870 3952 992 4010 volueris
1015 3969 1132 4026 cavere3
1155 3969 1226 4010 moa
1248 3950 1369 4009 DLara

230 4043 259 4096 te
280 4068 324 4079 -
346 4031 379 4099 (7)
401 4036 577 4112 Lsagwine:
600 4042 644 4096 ita
666 4046 693 4096 et
707 4039 800 4114 poulo
817 4045 939 4112 poot—
950 4033 983 4101 (8)
998 4038 1027 4095 H
1039 4038 1148 4114 eapud;
1167 4054 1238 4096 mox
1252 4036 1367 4094 ADMP

231 4121 329 4181 oculos
351 4132 416 4182 tuos
436 4155 480 4167 —
503 4119 536 4188 (9)
559 4125 633 4184 Luc.
655 4128 698 4195 15,
720 4127 825 4184 22-23.
846 4156 890 4169 -
913 4119 964 4187 (¹0)
987 4126 1069 4183 Petr.
1091 4125 1124 4198 l,
1148 4129 1179 4195 1,
1205 4125 1303 4182 18-19.
1324 4157 1368 4167 -

230 4204 280 4272 (11)
304 4207 356 4267 DL
369 4212 523 4268 certissime
536 4243 581 4254 —
595 4206 647 4276 (11)
663 4210 711 4269 CP
721 4211 843 4270 naturali
857 4229 911 4270 sua
945 4209 974 4268 D
984 4210 1106 4268 naturali
1118 4243 1164 4253 -
1174 4205 1225 4272 (¹3)
1238 4209 1367 4267 ABEFL

227 4295 384 4369 requiretur
410 4327 455 4340 -—
484 4291 535 4360 (¹4)
558 4295 614 4355 AD
629 4304 812 4372 paternomm
840 4330 884 4340 —-
912 4292 963 4359 (15)
987 4295 1034 4355 OF
1050 4313 1107 4355 non
1159 4296 1252 4354 Pnon
1283 4297 1367 4356 miehi

227 4380 254 4438 D
271 4381 364 4442 michi.
388 4381 473 4460 Coros.
495 4383 578 4460 infru
599 4384 641 4456 ΙΙ,
663 4387 692 4443 5.
