3000 5196
155 338 218 401 152

153 471 257 537 auimo
278 468 448 534 mudtorum
469 467 664 534 audientium
684 465 946 550 generabantp).
968 465 1050 530 Nam
1076 482 1136 548 per
1155 462 1216 531 hat
1235 483 1308 531 uon

152 578 219 641 tam
238 571 457 656 proficiebant,
486 590 580 654 quam
601 572 753 653 gimnasio
765 570 876 656 (2)rtl
894 569 1071 653 mamone
1095 587 1175 635 vano
1194 586 1232 634 se
1252 568 1309 635 in·

154 681 271 743 teresse
293 676 447 742 dolebant.
481 675 615 754 Quidam
636 680 741 740 autem
763 692 816 741 tos
828 673 877 758 (3)
888 673 933 739 sic
953 674 1036 739 circa
1055 691 1177 756 pugnas
1187 673 1308 739 verbo·

153 799 224 846 rum
244 780 433 861 languentes
444 779 494 863 (4)
505 784 538 845 et
558 797 593 844 se
613 783 722 844 mutuo
742 778 924 843 invadentes
954 796 991 843 at
1019 782 1178 859 tamquam
1198 776 1307 858 gallos

153 888 386 966 conpugnantes
407 883 599 949 deridebant.
632 881 772 964 Cumque
794 881 961 963 discipulus
988 881 1306 947 atirtumstantubus

155 990 308 1068 quereret,
331 987 406 1068 quid
426 1005 500 1051 nam
520 986 580 1051 boc
600 985 740 1050 mirabile
758 989 849 1065 esset,
864 1002 1048 1066 responsum
1061 989 1140 1049 esta
1152 983 1304 1066 quodam,

156 1089 239 1171 quod
260 1089 318 1154 het
337 1090 401 1171 pila
422 1094 569 1171 argentea
590 1087 777 1170 significaret
789 1089 838 1172 (5)
849 1090 1012 1154 veritatem
1034 1106 1122 1154 sacre
1134 1088 1304 1169 scripture,

154 1193 288 1259 lucidam
311 1197 343 1257 et
363 1211 524 1272 sonoram,
554 1196 586 1258 et
606 1193 879 1274 incorruptibilem
914 1192 1134 1274 Subdiditque:
1156 1191 1224 1256 H'et
1246 1209 1304 1257 re-

151 1296 228 1362 ritas
250 1315 270 1373 a
291 1296 446 1362 modernis
468 1296 651 1378 quibusdam
679 1315 742 1361 non
771 1301 837 1361 tam
865 1296 1003 1372 studiose
1035 1297 1176 1378 queritur
1204 1313 1303 1377 quam

151 1401 350 1483 inpugnatur,
374 1400 448 1465 dum
470 1400 598 1482 quilibet
618 1418 682 1465 non
703 1418 760 1481 pro
782 1400 852 1481 ipsa
872 1400 1070 1481 adipiscenda
1082 1400 1231 1465 laborare
1253 1399 1303 1464 vi-

156 1507 256 1584 detur,
278 1504 335 1571 sed
354 1505 429 1569 totis
450 1504 565 1569 viribus
593 1503 725 1586 probare
737 1501 785 1586 (6)
798 1504 956 1569 contendit
983 1504 1066 1585 quod
1094 1504 1192 1586 quivis
1219 1503 1302 1568 alius

153 1609 253 1692 ipsam
274 1608 437 1683 verimtem
458 1625 654 1689 nequaquam
674 1604 877 1691 habeat(r);‘
889 1612 921 1671 et
942 1626 980 1672 ex
1001 1607 1061 1673 hot
1081 1608 1217 1689 seipsum
1225 1625 1302 1689 pre-

153 1711 251 1790 ferre,
281 1714 313 1775 et
335 1711 431 1775 alium
452 1711 642 1792 subprimere
663 1711 805 1776 intendit.
839 1711 882 1776 Et
902 1694 1033 1793 proinde
1054 1709 1133 1775 fiunt
1152 1709 1301 1791 inproba-

153 1815 271 1893 tiones,
300 1814 519 1895 replicationes
534 1817 578 1878 ·et
605 1814 784 1896 opinionum
794 1814 843 1897 (8)
854 1814 1007 1880 novitates
1035 1814 1206 1893 mirabiles,
1236 1805 1308 1894 que¹

151 1919 251 1999 magis
270 1918 303 1982 in
324 1918 572 1983 ammirationem
595 1918 721 1997 ducunt,
744 1937 838 1999 quam
859 1919 987 1983 utilitati
1007 1917 1170 2001 proficiant
1181 1916 1230 2000 (9)
1241 1935 1301 1981 au-

152 2021 314 2087 diendum.
342 2021 462 2103 Nempe
473 2022 636 2086 veritatem
650 2012 744 2103 quam
757 2040 897 2086 reserare
911 2023 1101 2086 auditoribus
1116 2021 1300 2102 debuerant,

151 2123 334 2206 quibusdam
355 2123 579 2189 intencionibus
600 2129 633 2188 et
653 2125 871 2190 vocabudorum
899 2125 1087 2190 novitatibus
1107 2124 1220 2205 ignotis
1242 2143 1300 2189 ve-

151 2228 232 2306 lant,
265 2229 296 2290 et
325 2230 454 2308 propter
484 2228 725 2292 ostentationem
754 2246 867 2293 vanam
893 2229 994 2310 ipsam
1022 2228 1203 2309 plerumque
1225 2228 1301 2292 red·

154 2318 415 2396 dunt⁴veritatem
436 2332 608 2396 obscuram.
640 2332 780 2397 Fuerrmt
800 2336 944 2414 preterea
965 2349 1003 2396 ex
1023 2332 1098 2413 ipsis
1119 2351 1183 2397 non
1202 2332 1299 2413 nulli,

152 2436 208 2518 qui
224 2438 353 2516 repente
375 2434 485 2500 docere
513 2436 771 2519 volebantquod
798 2454 861 2501 non
889 2453 982 2517 opere
1010 2435 1066 2500 sed
1093 2436 1300 2501 meditatione

152 2538 337 2616 didicerant;
367 2557 535 2630 eorumque
565 2539 705 2605 doctrina
732 2558 796 2605 non
818 2558 856 2603 ex
877 2540 941 2605 vita
962 2543 1056 2620 atque
1077 2540 1299 2605 exercitiorum

150 2641 336 2724 frequentia,
358 2643 414 2707 sed
436 2660 473 2705 ex
495 2640 701 2708 affirmatione
723 2643 875 2725 processit
896 2643 971 2708 sola.
1005 2643 1085 2707 Nam
1099 2643 1193 2708 libros
1207 2659 1299 2707 sant·

150 2751 254 2812 torum
275 2749 409 2827 patrum,
433 2745 486 2826 qui
507 2745 590 2826 olym
610 2746 735 2826 vigente
757 2747 905 2827 religione
926 2750 959 2810 et
978 2744 1108 2814 florente
1130 2746 1298 2813 devotione

150 2850 183 2914 in
204 2867 264 2914 usu
285 2841 382 2927 erant,
405 2848 485 2912 situt
507 2847 689 2913 collationes
710 2854 836 2931 patrum
858 2853 891 2914 et
911 2850 1022 2915 similia
1039 2849 1213 2915 devotionis
1225 2869 1299 2931 ger·

151 2952 244 3039 mina,
267 2949 320 3014 ubi
343 2950 515 3019 devocionis
538 2949 749 3030 fundamenta,
769 2958 800 3018 et
813 2952 981 3034 spiritualis
994 2952 1134 3033 scientie,
1151 2958 1184 3018 et
1196 2954 1296 3020 totius

149 3052 349 3136 perfectionis
371 3040 549 3119 continetur
569 3074 699 3136 summa,
723 3074 782 3138 que
803 3057 959 3123 hominem
980 3057 1022 3121 ad
1036 3058 1296 3139 conpunctionem

151 3161 184 3222 et
203 3156 252 3223 sui
271 3157 367 3239 ipsius
390 3159 633 3240 recognitionem
655 3164 687 3225 et
710 3161 883 3226 devocionis
898 3160 1020 3241 perdite
1034 3161 1296 3227 restaurationem

150 3259 568 3344 ac(10)divinum·trabunt
588 3261 740 3329 fervorem
763 3267 961 3345 spernentes,
992 3264 1031 3327 ad
1061 3282 1099 3328 ea
1122 3282 1159 3329 se
1178 3254 1296 3346 scripta

150 3381 211 3447 que
232 3364 281 3430 vel
302 3365 466 3430 ambitioni
488 3366 666 3432 deserviunt
686 3368 736 3434 vel
757 3367 879 3448 questui
897 3366 1125 3432 convertebant.
1160 3367 1249 3445 Quod
1262 3370 1297 3432 et

149 3458 348 3555 sipremissa
368 3468 581 3550 inspiciebant,
604 3490 666 3535 non
688 3474 817 3559 propter
837 3488 950 3535 novam
972 3471 1145 3536 devotionis
1158 3470 1295 3551 gratiam

148 3572 376 3654 acquirendam,
398 3573 454 3638 sed
474 3578 604 3656 propter
625 3575 784 3640 meliorem
806 3575 1056 3639 consecutionem
1077 3572 1147 3639 finis
1168 3574 1207 3638 ab
1219 3574 1295 3656 ipsis

147 3672 258 3740 intenti
279 3676 338 3742 hoc
359 3675 524 3744 fatiebant.
558 3678 683 3760 Seipsos
704 3679 838 3760 uanique
859 3677 993 3745 inaniter
1010 3677 1146 3741 exaltare
1159 3676 1209 3742 vel
1221 3695 1295 3759 pas·

148 3795 219 3851 cert
238 3778 449 3860 principaliter
470 3780 639 3863 cupientes,
656 3780 823 3845 humanam
833 3780 1034 3845 intendebant
1047 3778 1292 3845 retributionem.

147 3878 191 3945 Et
211 3880 256 3947 sic
275 3880 463 3964 prothdolor
484 3883 524 3947 de
534 3883 644 3967 seipsis
658 3884 867 3966 desperantes,
882 3884 932 3949 vel
946 3883 1102 3966 proximos
1117 3882 1187 3964 plus
1199 3899 1294 3964 quam

178 4124 180 4131 ,
212 4066 247 4136 (¹)
269 4072 356 4132 GMP
365 4075 537 4151 generabat3
547 4093 627 4136 mort.
640 4075 698 4135 MP
709 4075 765 4136 bot
778 4110 822 4119 —
844 4072 878 4140 (i)
901 4077 925 4136 L
937 4080 1067 4154 punacio
1097 4076 1292 4153 ngngnasio

145 4188 191 4202 -
211 4154 246 4223 (3)
267 4160 317 4218 FP
328 4168 425 4221 autem
444 4164 590 4235 intereos
624 4163 769 4222 ·Dautem
792 4181 827 4223 tx
855 4167 895 4223 eis
916 4197 960 4208 —
982 4161 1016 4228 (4)
1042 4164 1114 4221 iim.
1135 4163 1168 4234 1,
1199 4165 1219 4222 6
1226 4204 1235 4236 ,
1263 4163 1292 4218 4.

145 4273 189 4286 -
210 4238 244 4307 (b)
268 4244 537 4326 CDGLPsignartt
557 4281 601 4297 -
621 4242 658 4312 (6)
680 4249 709 4308 D
722 4253 900 4328 conprobare
921 4283 965 4295 -
987 4246 1022 4324 (7)
1045 4248 1098 4307 CH
1109 4247 1291 4309 babebat-

146 4319 180 4388 (8)
202 4327 422 4406 Lopplnlonum
445 4369 489 4378 —
512 4329 546 4399 (⁹)
568 4331 789 4413 DGpredtlunt
810 4373 852 4383 —
876 4332 928 4402 (1⁰)
944 4336 999 4409 ΕΡ
1011 4335 1049 4395 ad
