3232 5130
1336 333 1374 395 31

232 508 296 554 non
317 486 376 552 nisi
398 503 468 551 omn
489 483 622 549 maximo
644 482 747 549 studio
769 487 802 548 et
823 483 941 549 diutino
954 483 1120 568 (l)lebore
1148 485 1276 550 tandem
1306 502 1378 550 con-

234 589 413 674 quiram),
443 589 578 670 itemque
599 587 784 651 naturaliter
806 587 845 651 de
865 587 1034 653 visibilibus
1063 589 1104 652 ad
1131 589 1309 669 invisibilia,
1339 588 1379 654 de

235 694 444 776 corporalibus
458 692 498 756 ad
512 691 684 772 spiritualia
697 692 860 772 procedat:
879 692 1032 773 quomodo
1048 710 1143 774 queso
1158 691 1379 774 congruencius

234 799 338 863 divina
357 795 495 860 misteria
516 795 589 859 sciri
609 798 763 875 poterant,
786 796 980 876 maximeque
993 796 1046 860 illa
1059 796 1200 879 preclara
1211 794 1283 861 fidei
1293 796 1379 877 prin·

219 902 313 983 *cipia
327 918 448 964 omnem
461 898 641 962 facultatem
655 898 829 963 intellectus
843 899 1034 978 excedemus,
1051 899 1110 964 nisi
1123 903 1159 963 ut
1173 918 1211 964 ea
1225 899 1379 980 sapiencia

234 1005 337 1070 dimna
358 1020 450 1068 carne
470 1002 589 1080 induta,
612 1005 720 1082 utpote
733 1000 781 1084 (3)
793 1003 908 1066 veritas
921 1001 1086 1068 infallibilis
1100 1003 1262 1082 revelaret,
1285 1007 1321 1066 ut
1335 1002 1379 1066 sic

232 1108 394 1177 invisibilia
415 1107 465 1171 dei
486 1124 505 1169 a
527 1109 671 1170 creatura
692 1106 799 1169 mundi
820 1123 877 1186 per
898 1124 936 1170 ea
958 1124 1018 1188 que
1038 1106 1121 1172 facta
1135 1112 1208 1172 sunt
1221 1107 1379 1171 intellecto

234 1209 499 1295 conspicerem),
530 1209 718 1290 sempiterna
747 1227 874 1290 quoque·
891 1210 989 1274 virtus
1012 1211 1078 1275 eius
1100 1228 1137 1275 ac
1158 1211 1301 1276 divinitas
1322 1227 1380 1291 per

233 1320 424 1399 assumptam
439 1313 669 1377 humanitatem
691 1317 766 1376 nota
786 1311 897 1377 fieret?
918 1313 1020 1379 Homo
1043 1315 1140 1378 eciam
1162 1314 1215 1395 qui
1228 1333 1285 1396 per
1296 1314 1380 1378 inor·

234 1422 371 1486 dinatam
393 1418 632 1483 delectacionem
653 1417 766 1496 gaudia
778 1417 933 1497 amiserat,
952 1419 1083 1499 qualiter
1098 1419 1271 1483 ordinacius
1287 1435 1380 1499 quam

233 1543 292 1607 per
312 1522 517 1605 temporalem
539 1520 772 1585 tribulacionem
790 1522 903 1586 amissa
915 1539 1099 1605 recuperare
1115 1521 1284 1587 debuerat?
1305 1521 1381 1584 Am-

233 1627 313 1709 plius
334 1633 448 1705 antem,
473 1643 544 1689 cum
564 1624 616 1689 via
638 1642 698 1704 que
720 1624 804 1688 ducit
826 1624 867 1688 ad
887 1625 984 1689 vitam
1005 1626 1046 1690 sit
1068 1630 1137 1690 arta
1158 1630 1189 1690 et
1211 1626 1320 1691 semite
1330 1623 1379 1708 (1)

234 1737 373 1814 anguste,
397 1737 428 1795 et
449 1728 522 1794 ante
543 1728 789 1793 incarnacionem
811 1727 926 1793 fuerint
938 1730 985 1813 (6)
1000 1731 1102 1795 minus
1124 1731 1213 1801 trite:
1249 1730 1381 1812 qualiter

233 1840 357 1918 poterat
368 1836 416 1919 (7)
427 1835 485 1899 bec
506 1833 556 1898 via
569 1832 667 1897 levior
680 1831 757 1912 fieri,
780 1833 839 1897 nisi
852 1833 911 1897 hoc
924 1834 1026 1914 modo,
1048 1839 1084 1898 ut
1098 1836 1164 1916 ipse
1177 1835 1230 1917 qui
1240 1833 1320 1898 hanc
1331 1833 1380 1917 (8)

233 1939 362 2004 tradidit
389 1939 521 2020 preiret,
556 1941 588 2001 et
605 1937 696 2027 'viam
715 1936 901 2001 laboriosam
924 1936 1114 2002 amarissime
1134 1938 1284 2020 paciendo
1307 1937 1382 2002 alle·

235 2045 342 2122 uiaret,
365 2048 397 2108 et
418 2044 462 2109 sic
482 2041 601 2106 facilior
622 2045 764 2105 creature
785 2038 888 2120 fieret,
920 2059 989 2105 cum
1010 2042 1109 2124 ipsam
1131 2049 1253 2107 creator
1273 2059 1381 2123 prece

237 2146 336 2212 dendo
356 2151 445 2210 tanta
466 2145 631 2211 sedulitate
652 2143 823 2208 calcasset?
843 2143 1004 2225 Perpende
1027 2145 1128 2209 adbuc
1150 2158 1187 2208 ex
1206 2145 1379 2226 temetipso.

236 2249 270 2315 si
289 2251 383 2314 morti
394 2249 441 2332 (9)
453 2250 601 2315 obnoxius
622 2247 807 2312 iudicialiter
827 2248 1007 2331 plectendus
1029 2247 1122 2327 fores,
1146 2249 1172 2313 si
1194 2249 1263 2330 quis
1283 2250 1381 2313 ictum

236 2349 374 2418 ferientis
395 2373 452 2435 pro
472 2358 505 2419 te
527 2353 682 2435 exciperet
694 2352 808 2436 (tibin
830 2369 959 2433 corpore
980 2371 1047 2431 suo,
1071 2355 1103 2415 et
1116 2356 1148 2416 te
1161 2352 1282 2417 illesum
1296 2353 1382 2418 abire

236 2459 445 2540 permitteret:
461 2458 614 2540 quomodo
625 2458 774 2522 maiorem
785 2457 946 2521 caritatem
958 2460 989 2520 et
1001 2444 1200 2525 dilectiorem
1210 2458 1267 2521 tibi
1277 2461 1381 2522 osten·

237 2562 311 2626 dere
330 2566 445 2644 posset,
467 2561 516 2626 vel
535 2562 705 2626 debitorem
718 2561 776 2626 sibi
790 2560 1000 2649 constitueret,
1018 2565 1111 2641 teque
1123 2561 1166 2624 ad
1179 2562 1382 2626 reamandum

236 2666 336 2746 magis
356 2666 521 2731 incitaret?
548 2665 715 2746 Jnterroga
736 2665 872 2746 singulas
895 2669 1070 2744 creaturas,
1095 2669 1127 2728 et
1148 2665 1301 2730 docebunt
1329 2671 1380 2746 11;

237 2770 376 2835 ordinem
391 2770 491 2834 tocius
505 2769 650 2848 universi,
666 2773 698 2832 et
711 2769 942 2850 respondebunt
953 2769 984 2851 (l
993 2768 1023 2851 1)
1035 2760 1099 2848 tibi,
1119 2769 1202 2850 quod
1213 2768 1383 2834 secundum

236 2875 356 2939 nullum
377 2873 585 2956 prdcbriorem
607 2878 639 2937 et
661 2873 931 2954 congruentiorem
948 2873 1080 2938 ‘modum
1102 2873 1253 2938 servanda
1266 2866 1269 2871 ’
1281 2873 1383 2957 fuerat

236 2979 358 3043 iusticia
379 2977 470 3041 simul
492 2979 524 3040 et
545 2976 755 3041 misericordia
777 2976 982 3055 ostendenda,
1011 2981 1124 3040 natura
1144 2975 1280 3042 humana
1301 2977 1384 3042 exal-

238 3081 354 3158 tanda,
375 3079 497 3144 bonitas
519 3080 623 3144 divina
644 3079 837 3160 effumdenda,
866 3082 998 3162 denique
1020 3081 1119 3145 celum
1141 3084 1173 3144 et
1193 3085 1279 3145 terra
1299 3082 1384 3164 paci·

239 3178 368 3261 beanda,
391 3201 484 3263 quam
505 3202 575 3248 cum
599 3184 704 3250 dolore
725 3185 876 3266 passionis
899 3184 979 3249 tanti
999 3185 1194 3265 mediatoris,
1219 3190 1251 3249 et
1272 3186 1384 3251 amari-

239 3285 347 3349 tudine
363 3287 471 3351 mortis
484 3288 590 3368 ipsius.
620 3289 650 3352 N
651 3307 686 3353 ec
699 3294 731 3354 te
746 3289 833 3353 labor
843 3288 1015 3354 electorum
1029 3293 1155 3369 terreat,
1179 3295 1234 3353 aut
1255 3291 1385 3356 adversa

239 3388 376 3470 pericula
403 3388 556 3472 frangant.
600 3392 678 3474 Jpsa
706 3410 840 3474 namque
855 3390 925 3475 (12)
941 3389 1102 3458 ineffabilis
1130 3395 1289 3474 presencie
1315 3411 1384 3458 mee

240 3492 393 3570 suavitaS,
423 3498 456 3556 et
484 3495 597 3560 amoris
627 3496 755 3561 dulcedo
786 3494 995 3575 ammiranda,
1026 3499 1081 3558 aut
1109 3514 1172 3559 non
1193 3496 1309 3560 sentire
1330 3498 1386 3560 aut

240 3595 393 3660 levissime
405 3593 487 3660 ferre
499 3596 591 3663 faciet
604 3599 734 3665 adversa
748 3599 860 3676 omnia,
876 3598 1187 3678 unccione-magistra
1199 3598 1279 3682 (13).
1310 3598 1385 3677 Quis

241 3701 322 3764 enim
343 3699 503 3781 privilegio
514 3702 583 3785 (14)
594 3703 762 3785 spiritualis
785 3700 1020 3780 consolacionis,
1051 3706 1105 3765 111
1127 3703 1231 3782 gracia
1252 3712 1386 3785 superne

307 3874 340 3942 (1)
363 3877 413 3938 DJ
425 3878 556 3938 diuturno
577 3911 621 3922 —
643 3874 676 3943 (2)
699 3879 884 3954 Dacquirat3
913 3895 984 3940 moa
1007 3879 1058 3938 (ll)
1074 3878 1209 3954 idemque
1251 3879 1386 3955 Jitaque

241 3965 389 4040 Bnecque
410 3999 455 4007 -
476 3961 509 4028 (3)
533 3963 603 4023 Gut
624 3973 695 4039 puta
714 3999 760 4009 -
781 3962 814 4029 (4)
837 3966 891 4025 BD
903 3966 1063 4025 intellectus
1086 3970 1264 4042 conspiceret
1304 3967 1386 4025 Pin-

241 4052 357 4111 telleota
379 4055 617 4127 conspicerentur.
640 4052 773 4125 1111111,
795 4055 911 4112 211-
933 4046 966 4117 (5)
991 4052 1092 4111 Gadd
1121 4055 1192 4114 eius.
1223 4054 1330 4113 Mottb.
1359 4055 1387 4127 7,

241 4141 352 4197 11-
374 4135 407 4202 (6)
431 4139 645 4215 CDPiuerunt3
668 4156 739 4198 mox
779 4137 831 4197 DF
843 4142 926 4198 nimis
947 4142 1044 4199 stricte
1082 4138 1180 4199 ABOJ
1194 4143 1286 4199 minus
1309 4145 1385 4200 certe
1498 4200 1501 4205 .

242 4257 287 4268 -
308 4221 342 4289 (i)
366 4225 572 4301 (11111111-
594 4220 627 4289 (8)
650 4225 778 4301 Lipsam
799 4258 843 4269 —
865 4221 898 4292 (9)
922 4226 970 4285 ΟΡ
981 4229 1073 4285 morte
1099 4259 1142 4269 -
1169 4221 1221 4291 (10)
1251 4226 1386 4286 ABDFL

243 4314 387 4387 acciperet
406 4344 450 4355 -
470 4306 522 4375 (1¹)
544 4311 671 4372 BOEHJ
682 4311 867 4387 respondebit
887 4345 931 4356 —
945 4306 998 4376 (Ῑῖ)
1012 4312 1037 4371 L
1049 4329 1163 4389 quoque
1176 4347 1221 4357 -
1231 4308 1283 4379 (13)
1292 4314 1386 4375 11111.

244 4395 271 4469 1,
291 4400 320 4470 9,
340 4401 451 4458 11-
472 4391 524 4462 (14)
546 4397 602 4459 BG
615 4398 772 4476 previlegio
857 4440 859 4444 »
