3000 5196
188 341 253 403 alo

196 489 410 560 informacio
432 487 564 593 qualiter
584 486 766 656 premislsla
754 486 820 561 sint
840 486 993 594 trahenda
1013 488 1056 554 ad
1076 507 1235 557 sermones
1258 496 1294 557 et

662 610 697 656 oo
720 592 852 658 aciones.

585 736 788 833 Gapittulum
799 752 930 814 sextum.

251 892 428 957 Thesaurus
449 886 660 953 desiderabilis
681 887 714 951 in
736 905 791 952 ore
811 887 960 969 sapientis
981 888 1041 954 erit
1061 888 1118 954 hec
1140 895 1195 956 tua
1209 892 1337 974 procla·

185 1000 308 1066 rissima
326 1013 453 1079 prorsus
475 993 624 1073 domrina,
647 991 675 1059 Ο
697 992 910 1058 amantissima
930 993 1094 1075 sapiencia,
1116 995 1144 1061 si
1166 993 1260 1062 fuerit
1279 1001 1336 1063 ta·

184 1105 256 1170 liter
277 1099 428 1178 ordinata,
451 1103 570 1161 utnon
590 1095 691 1163 selum
711 1093 810 1161 facilis
825 1095 866 1161 sit
879 1096 921 1161 ad
938 1097 1181 1180 intelligendum,
1202 1100 1252 1166 vel
1273 1101 1334 1167 de-

185 1204 335 1273 lectabilis
356 1202 397 1267 ad
418 1198 615 1280 audiendum,
637 1199 693 1266 sed
714 1204 746 1265 et
767 1199 920 1282 generalis
940 1219 1004 1283 pro·
1013 1202 1174 1268 cuiuslibet
1194 1207 1280 1269 statu
1294 1223 1333 1270 se

187 1309 287 1393 ad(l)
299 1307 498 1373 dilatandum.
530 1303 613 1369 Nam
634 1307 667 1369 et
686 1302 747 1370 hoo
767 1304 873 1386 ipsum-
890 1304 956 1370 eius
969 1303 1115 1387 ,perfecto
1128 1308 1258 1389 requirit
1279 1308 1333 1375 in-

185 1416 325 1497 tegritas.
358 1411 409 1476 Ad
429 1412 537 1474 verum
567 1409 681 1491 quippe
708 1426 846 1473 amorem
875 1411 989 1490 tueque
1015 1409 1116 1476 laudis
1144 1412 1332 1494 condignam

185 1515 468 1602 frequentationem
488 1511 571 1578 zelus
592 1511 728 1593 pertinet
749 1512 931 1576 animarum.
965 1511 1122 1594 Siquidem
1142 1512 1241 1581 fidelis
1260 1535 1332 1581 ser·

186 1642 243 1691 vus
261 1619 437 1701 etprudens
448 1612 609 1699 apostolici
621 1606 737 1683 ordinis
751 1615 898 1698 ymitator
911 1617 1055 1697 existens,
1077 1636 1140 1683 uon
1152 1619 1251 1685 solum
1267 1620 1331 1686 sibi

186 1727 242 1793 sed
264 1730 296 1789 et
316 1721 409 1788 saluti
430 1720 601 1784 animarum
624 1719 895 1801 et-prexim0rum
923 1720 1050 1807 utilitati
1076 1720 1237 1805 intendere
1263 1721 1330 1790 fra.

185 1838 275 1898 terne
296 1825 433 1893 caritatis
456 1824 645 1905 obligacione
666 1827 799 1889 tenetur.
832 1824 875 1889 Iit
896 1824 966 1890 ideo
987 1830 1059 1907 post
1072 1827 1222 1908 premissa
1234 1827 1329 1896 umus

185 1933 340 2018 sapiencie
360 1929 505 1996 salutaris
527 1928 711 1994 documenta
730 1932 804 2009 peto
817 1927 1006 2010 informari,
1017 1930 1202 2012 qualiterad
1221 1933 1330 2014 proxi·

186 2057 308 2107 morum
328 2036 494 2103 utilitatem
516 2033 596 2098 hanc
618 2031 747 2099 eandem
770 2031 943 2098 doctrinam
959 2031 1279 2102 facilitereonvertere
1294 2042 1330 2104 et

186 2144 309 2227 copiose
329 2140 449 2207 valeam
471 2137 610 2227 dilatare.
643 2136 779 2218 Jnsuper
801 2141 833 2202 et
852 2135 1016 2203 formulam
1042 2144 1203 2222 artemque
1223 2141 1329 2207 tribue

186 2247 334 2330 discipulo
352 2242 486 2325 simplici
508 2240 747 2323 compendiosam
770 2245 802 2306 et
822 2241 929 2307 utilem
950 2241 1009 2308 hoo
1029 2243 1112 2308 idem
1139 2232 1271 2309 faciendi
1292 2245 1328 2310 iu

186 2366 379 2438 quacumque
399 2347 461 2411 alia
482 2344 574 2411 simili
595 2346 727 2410 matoria
746 2345 924 2418 indistincta
945 2350 985 2429 et·
997 2332 1134 2428 informi,
1162 2352 1199 2413 ιιι
1218 2348 1264 2413 sio
1286 2349 1329 2414 de

187 2456 336 2525 obstmsis
348 2451 396 2535 (2)
407 2450 548 2517 favorum
569 2448 685 2515 cellulis
706 2448 768 2515 mel
788 2450 975 2533 prqducere,
1005 2455 1037 2516 et
1056 2469 1169 2533 panem
1189 2452 1328 2534 paruulis

185 2563 337 2643 frangere,
360 2566 396 2622 a‘c
416 2557 449 2620 in
470 2555 583 2620 turbas
599 2554 782 2621 distribuere
803 2553 937 2633 valeam,
949 2553 1136 2620 scommate
1148 2555 1195 2639 (3)
1206 2557 1328 2637 gracio-

185 2686 230 2735 sa.
263 2659 499 2733 squNem:
521 2657 659 2725 Pulchre.
675 2661 708 2723 et
729 2658 934 2755 compendiose
953 2657 1044 2727 huius
1066 2660 1149 2742 quod
1169 2679 1190 2724 a
1209 2679 1327 2743 mcpe-

184 2773 225 2838 tis
247 2767 453 2836 eruditionem
482 2762 596 2828 habere
616 2761 750 2844 poteris,
779 2762 806 2828 si
835 2762 950 2829 dietum
976 2764 1053 2835 illud
1081 2765 1212 2846 perutile
1239 2765 1326 2846 quod

185 2872 341 2959 quondam
361 2871 394 2934 in
415 2867 558 2933 scienciis
579 2865 758 2957 humanitus
780 2867 912 2947 inventis
930 2868 1036 2949 legisti
1047 2857 1119 2934 'nou
1145 2868 1218 2934 velis
1238 2869 1325 2950 proi-

184 2996 262 3058 cere,
284 2975 341 3041 sed
362 2971 483 3039 effectui
491 2969 539 3055 (4)
548 2968 703 3036 curaveris
723 2971 861 3036 studiose
882 2962 1039 3037 mandare.
1064 2973 1178 3050 Queris
1192 2971 1264 3055 quid
1271 2971 1321 3055 (5)

182 3083 311 3152 sithoc
345 3077 436 3143 Certe
455 3076 532 3141 illud
553 3074 711 3141 crumdam
732 3072 843 3140 famosi
864 3077 917 3158 qui
938 3077 982 3142 sic
997 3077 1086 3141 dicit:
1109 3077 1261 3160 Sapientis
1274 3081 1325 3143 est

183 3187 335 3255 ordinare.
359 3179 564 3264 Quidhuic(6
566 3178 720 3260 melius?
742 3179 875 3256 Quidt
840 3179 967 3245 utilius?
989 3180 1323 3258 QuidnobiliusiNam

181 3298 272 3359 etea
293 3307 354 3371 que
375 3305 398 3351 a
417 3285 474 3350 deo
492 3280 578 3363 sunt,
602 3281 747 3347 ordinata
767 3287 849 3348 suut.
874 3284 964 3362 Quod
986 3285 1068 3349 enim
1081 3285 1224 3381 ordinem
1246 3286 1323 3350 reti-

179 3391 404 3478 net,d1nabile
426 3389 494 3455 erit
526 3386 572 3454 Ut
557 3373 675 3468 ter'go
688 3387 794 3453 similit
780 3391 829 3452 ter
844 3388 883 3463 in
904 3387 963 3455 hoc
984 3388 1064 3454 sicut
1079 3389 1145 3453 οι
1136 3407 1169 3453 m
1180 3376 1322 3469 premis·

179 3504 221 3569 sis
242 3499 382 3566 omuibus
404 3492 544 3576 exemplo
565 3492 665 3574 magis
686 3509 780 3573 quam
801 3491 894 3557 verbo
907 3497 949 3556 te
968 3474 1170 3559 instruamde
1182 3493 1321 3574 quesite:

177 3606 288 3673 modus
310 3606 342 3668 et
364 3601 439 3667 ordo
461 3599 511 3663 hic
532 3601 723 3663 monstratum
743 3595 800 3661 tibi
825 3597 885 3661 erit
912 3597 1126 3669 universaliter
1155 3597 1321 3663 observan-

179 3714 246 3779 dus
279 3707 363 3799 Nota
384 3722 457 3784 ergo
480 3703 561 3768 circa
580 3701 747 3782 premissa,
777 3698 860 3782 quod
890 3701 1074 3782 quicumque
1094 3702 1250 3784 sapienter
1270 3704 1320 3765 at-

178 3833 239 3899 que
258 3790 414 3876 ferventer
433 3824 496 3872 nou
518 3803 618 3869 solum
639 3804 775 3886 seipsum
795 3802 906 3870 sedet
926 3804 1099 3886 proximum
1124 3823 1162 3870 ex
1189 3803 1248 3870 hac
1269 3822 1321 3902 sa-

176 3916 296 4004 piencie
317 3911 457 3979 doctrina
478 3905 630 3977 edificare
643 3906 814 3985 desiderat:
836 3908 974 3975 studiose
1000 3909 1242 3991 perquirendo
1233 3894 1321 3975 ιιιιό-Ι

176 4023 242 4087 niet
227 4018 305 4086 tuti
326 4015 410 4098 quod
429 4009 571 4095 proficiat
582 4011 614 4093 (l
617 4008 777 4093 >utrique
811 4010 952 4089 Quodam
973 4030 1108 4096 namque
1128 4031 1180 4080 ma
1180 4014 1319 4080 terieta·

241 4157 274 4223 (1)
297 4158 373 4217 Dad
396 4173 427 4214 se
448 4189 492 4198 —
514 4149 548 4218 (2)
570 4152 762 4212 Dobstructis
806 4152 1023 4214 Oobtensis-
1045 4150 1080 4218 (3)
1101 4156 1318 4215 Dlacnnditate

175 4279 219 4289 -
241 4243 276 4309 (⁴)
298 4242 549 4304 DEGLeffeotum
581 4237 657 4297 Bau
678 4239 864 4297 effoetum-
877 4235 910 4305 (s)
933 4239 1226 4313 quaequod-(o)
1239 4243 1318 4302 eae-

175 4349 236 4391 ιον.
256 4332 338 4389 Dlat
366 4330 417 4401 VI,
439 4331 475 4386 5:
499 4326 600 4406 „Fecit
620 4330 650 4385 ct
670 4322 747 4383 aliud
768 4324 913 4400 quiddam,
935 4324 1012 4399 quod
1026 4325 1118 4400 magis
1131 4325 1316 4406 huic(qaam

173 4412 240 4489 hoc)
262 4414 433 4488 disputabile
455 4411 538 4473 fuit“.
560 4445 604 4456 -
625 4406 659 4475 (7)
682 4407 960 4485 CDJLPprodciat3
981 4426 1052 4471 moa
1072 4411 1236 4490 Futrisqne
