3232 5130
352 523 415 584 190

348 652 583 721 illuminacionis
604 652 637 716 in
658 651 762 718 futuro
784 651 984 717 seminarium
1006 650 1128 731 existit,
1158 649 1300 733 quamsi
1323 649 1427 715 omnia
1448 667 1506 732 sy·

351 759 428 824 dera
448 756 574 822 celestia
595 756 628 821 in
648 756 748 822 vicino
761 755 810 840 (1)
821 760 905 821 terro
927 756 1030 838 posita
1052 759 1166 834 essent,
1190 759 1222 820 et
1243 754 1326 818 huno
1347 752 1505 821 mundum

350 867 418 928 tota
437 861 552 927 virtute
573 879 631 927 sua
651 859 869 925 illuminarent.
903 859 987 924 Jtem
1009 858 1082 924 talis
1103 859 1208 941 gracia
1237 856 1370 923 fideliter
1397 875 1506 923 reser-

350 968 433 1044 vata,
455 965 604 1030 maiorem
625 964 777 1046 prestabit
798 963 900 1028 anime
923 965 955 1028 in
976 962 1081 1029 futuro
1102 966 1299 1028 venustatem
1321 965 1353 1027 et
1364 961 1507 1044 pulchri-

351 1069 491 1134 tudinem
511 1062 713 1150 spiritualem,
737 1086 830 1149 quam
851 1067 956 1148 aliqua
977 1071 1060 1133 estas
1083 1068 1201 1132 cunctis
1223 1072 1306 1131 terre
1325 1067 1508 1147 germinan-

352 1172 434 1238 tibus
456 1171 648 1252 corporalem
669 1174 809 1252 prestare
820 1170 958 1252 potuerit
965 1170 1014 1254 (2)
1022 1189 1170 1253 umquam
1191 1171 1343 1235 decorem.¹
1365 1169 1408 1233 Et
1418 1170 1507 1257 siris

351 1277 410 1341 hec
431 1274 534 1340 omnia
544 1274 660 1345 cercius
675 1291 766 1339 nosse
774 1273 834 1357 (3),
858 1273 1021 1354 diligenter
1031 1274 1188 1356 perpende
1202 1273 1395 1339 condiciones
1409 1272 1507 1338 huius

352 1379 548 1444 sacramenti.
582 1377 694 1442 Nonne
716 1377 885 1443 divinitatis
907 1378 1019 1445 radius.
1034 1379 1067 1441 in
1087 1377 1147 1443 hoc
1161 1374 1355 1443 sacramento
1369 1376 1506 1457 velatus,

352 1483 385 1546 in
406 1482 509 1564 patria
530 1470 634 1545 autem
656 1481 757 1546 clarus
780 1485 812 1546 ot
833 1480 1025 1569 manifestus,
1047 1476 1240 1562 prestantior
1261 1484 1309 1545 ast
1330 1480 1370 1544 ad
1391 1478 1509 1544 clarifi-

354 1584 691 1669 ωῃᾶαω(4)11111111111
712 1584 770 1650 sibi
791 1584 842 1677 hic
855 1568 921 1666 ¹per
942 1585 1079 1666 graciam
1100 1584 1237 1664 unitam,
1266 1584 1299 1647 in
1320 1582 1424 1648 iuturo
1447 1601 1508 1649 au-

353 1693 417 1753 tem
438 1707 496 1771 per
516 1688 657 1769 gloriam,
680 1706 774 1770 quam
795 1688 842 1754 sol
861 1689 921 1759 iste
942 1687 1069 1753 visibilis
1090 1687 1131 1751 ad
1151 1687 1387 1752 illuminandum
1400 1691 1509 1753 totum

354 1793 434 1857 aeris
456 1791 676 1874 emisperium?
702 1791 784 1856 Nam
805 1792 872 1873 ipse
894 1792 978 1856 solus
1001 1795 1049 1856 est
1072 1791 1125 1873 qui
1145 1791 1282 1856 illabitm
1296 1791 1433 1856 essendo
1442 1790 1508 1875 (5),

280 1940 283 1945 -
354 1900 387 1960 et
408 1895 534 1977 spiritus
555 1897 663 1961 beatos
685 1895 787 1978 seipso
809 1895 991 1977 replet,„ut
1019 1913 1099 1985 unus
1128 1896 1192 1959 iam
1222 1913 1291 1960 oum
1316 1913 1353 1961 eo
1374 1894 1508 1977 spiritus

354 1997 440 2064 fiant.
462 1999 501 2085 x0
525 2004 649 2089 quanta
663 1999 723 2063 erit
744 1998 857 2079 gloria,
876 2016 969 2079 quam
989 1999 1131 2063 inmensa
1153 1998 1285 2079 alarias,
1310 2016 1380 2063 cum
1397 1998 1508 2063 anima

354 2106 423 2168 tota
444 2107 533 2167 extra
554 2121 589 2167 se
609 2103 729 2184 posita,
750 2106 818 2167 tota
838 2102 871 2179 in
894 2101 986 2171 deum
1007 2100 1287 2167 ransarmabirn.
1328 2102 1412 2167 Jtem
1435 2121 1508 2168 cor·

325 2203 414 2289 ·-'pus
435 2223 539 2270 meum
560 2204 773 2287 glorificatum,
796 2204 846 2269 bic
856 2203 994 2269 fideliter
1003 2223 1073 2295 cum
1083 2206 1188 2287 gracia
1202 2207 1388 2271 sacramenti
1397 2225 1508 2291 sump-

354 2313 432 2388 tum,
455 2327 558 2375 nonne
579 2314 679 2375 totam
701 2309 845 2375 celestem
868 2309 984 2374 curiam
999 2312 1031 2373 et
1044 2309 1213 2391 quamlibet
1227 2310 1357 2374 electam
1367 2310 1509 2375 animam

355 2415 464 2481 maiori
486 2418 648 2489 venustate
658 2410 753 2478 'valet
775 2413 930 2493 decorare,
954 2430 1048 2495 quam
1070 2396 1177 2478 cursus
1190 2413 1336 2496 syderum
1351 2413 1508 2497 et(6)va·

354 2519 449 2589 neas
477 2523 652 2600 temporum
681 2522 797 2582 terram
826 2516 907 2582 hanc
936 2516 1138 2598 corporaliter
1173 2517 1294 2598 possint
1330 2517 1509 2601 adornare?

354 2624 439 2690 Jtem
461 2622 564 2686 anima
584 2639 655 2685 mea
676 2620 867 2686 nobilissima
888 2625 920 2685 et
941 2620 1035 2685 verbo
1056 2620 1241 2685 vicinissime
1262 2621 1365 2700 unita,
1388 2616 1421 2684 iu
1442 2620 1505 2687 hoc

338 2730 548 2815 ¹sacramento
571 2729 726 2805 contenta,
749 2743 852 2790 nonne
873 2706 998 2789 maioris
1021 2728 1069 2789 est
1090 2723 1308 2789 luminositatis
1329 2743 1386 2790 suo
1408 2725 1504 2790 modo

354 2831 525 2899 formaliter
547 2833 579 2893 et
601 2828 880 2910 effective,·quam
908 2829 971 2894 sint
992 2829 1096 2894 omnia
1118 2832 1205 2894 astra
1224 2820 1378 2893 matutina
1400 2833 1432 2893 et
1453 2847 1505 2912 sy-

355 2937 431 3002 dera
451 2932 651 3015 vespertina?
682 2933 725 2996 Et
745 2932 804 2996 hec
825 2932 929 2997 omnia
949 2930 1032 2997 fideli
1046 2933 1148 2998 anime
1165 2932 1505 2999 exsacramentihuius

355 3039 460 3105 debita
481 3037 736 3129 percepcionein
757 3028 872 3100 iuturo'
883 3037 1070 3119 largientur,
1093 3037 1229 3120 exceptis
1250 3037 1316 3101 aliis
1338 3037 1448 3118 graciis
1471 3042 1506 3102 et

264 3220 268 3225 Ι
354 3140 538 3206 utilitatibus
561 3140 745 3220 cottidianis,
768 3142 888 3222 magnis
911 3147 943 3206 et
962 3142 1141 3222 innumeris,
1158 3140 1437 3225 queettt)sepius
1451 3158 1503 3204 re-

236 3284 247 3291 -
355 3244 517 3327 plicantm.
550 3242 814 3311 DISCIPULUS:
837 3245 954 3327 Stupeo
977 3264 1047 3311 cum
1068 3247 1161 3312 audio
1183 3242 1244 3310 tot*
1257 3245 1391 3327 irisignia
1402 3242 1451 3328 (8)
1464 3244 1503 3309 de

354 3348 414 3413 hoc
435 3346 568 3428 glorioso
590 3353 784 3439 sacramento
809 3349 962 3417 mirabilia
972 3350 1031 3435 (9).
1072 3349 1136 3416 Sed
1165 3367 1276 3432 preoor
1305 3367 1345 3414 ne
1373 3360 1503 3430 spernas

354 3470 449 3517 unam
471 3470 564 3533 quam
585 3471 725 3535 propono
749 3453 984 3531 dubitationem.
1017 3454 1066 3519 Eur
1088 3459 1204 3536 quotu
1218 3454 1411 3535 omnipotens
1426 3452 1504 3518 deus

354 3557 414 3623 hoc
434 3557 609 3623 venerabile
627 3546 858 3624 'sacramentum
878 3563 944 3624 tam
964 3558 1134 3624 innumeris
1157 3561 1189 3623 ot
1217 3557 1357 3639 gloriosis
1387 3555 1503 3621 effecti-

353 3663 411 3727 bus
432 3661 642 3744 spiritualibus
665 3661 809 3743 dignatus
832 3681 865 3729 es
888 3662 1043 3741 deoorare,
1067 3682 1130 3729 non
1152 3663 1252 3728 solum
1273 3662 1306 3726 in
1318 3659 1423 3727 futuro
1445 3660 1503 3726 sed

353 3765 512 3848 ot(10)in
533 3766 686 3848 presenti:
708 3785 805 3848 queso
817 3766 983 3849 quarchoc
1004 3762 1105 3847 totum
1128 3768 1173 3832 sic
1194 3771 1242 3832 est
1264 3767 1418 3832 occultum
1430 3765 1501 3849 (11)

354 3873 387 3934 et
407 3870 630 3950 absconditum,
652 3874 688 3934 ut
708 3889 788 3951 pene
809 3888 829 3935 a
850 3871 935 3936 mdlo
956 3871 1163 3954 percipiatur,
1186 3889 1244 3936 nec
1266 3871 1332 3937 eius
1353 3871 1451 3937 virtus
1474 3869 1502 3935 si

292 4112 295 4117 .
420 4056 454 4125 (1)
477 4061 630 4124 Avianio.
655 4062 741 4139 aaa
757 4083 790 4138 p.
813 4067 863 4124 oo.
884 4067 945 4124 113.
966 4067 1033 4124 raa
1057 4065 1176 4147 cpaar.
1197 4066 1281 4125 orm.
1302 4066 1351 4138 11,
1379 4067 1429 4122 rr.
1457 4096 1502 4129 .-

355 4141 389 4211 (2)
400 4142 458 4206 Lm
470 4151 574 4223 poterit
601 4146 863 4224 Apoterint-i3l
887 4149 964 4211 GHJ
975 4169 1062 4211 nosce
1090 4147 1381 4215 DMnoscere-(4)
1401 4132 1501 4208 CDJP

355 4233 569 4315 clarificandum
595 4269 640 4278 —
669 4232 703 4299 (5)
730 4237 892 4299 Billabitur
921 4240 1048 4298 essentie
1077 4243 1172 4300 anime
1215 4240 1346 4298 Eanime
1374 4237 1501 4294 illabitur

355 4323 482 4380 essentie
524 4322 553 4379 D
567 4338 625 4380 non
646 4321 771 4381 illabitur
792 4327 919 4383 assencie
940 4357 985 4367 -
1006 4320 1040 4389 (6)
1064 4333 1093 4385 et
1115 4343 1164 4385 om
1186 4326 1250 4400 GP,
1272 4340 1343 4381 mor
1372 4320 1433 4378 GM
1444 4338 1499 4378 va·

354 4407 469 4467 rietates
489 4440 534 4452 —
556 4404 590 4474 (i)
612 4402 741 4485 Hq'uam
763 4417 793 4470 ot
822 4409 885 4470 'GP
896 4428 1000 4489 quam;
1021 4426 1094 4474 mos
1115 4412 1164 4472 ΟΡ
1174 4410 1317 4487 replicatis
1344 4439 1389 4449 -
1411 4401 1445 4470 (8)
1468 4405 1499 4465 Η

355 4490 550 4569 taringum—¹
561 4486 596 4559 (9)
609 4495 641 4554 M
653 4503 682 4555 ot
703 4496 843 4573 mirabilia
881 4498 1038 4560 Pmirabili
1072 4490 1294 4558 Jnnracnlaa-
1304 4488 1356 4559 (1⁰)
1367 4492 1498 4554 BDEFL

351 4576 407 4637 sad
426 4568 531 4639 eciam'
562 4580 702 4673 Ablsed3
724 4600 796 4646 mox
817 4584 947 4661 unoro
969 4619 1013 4629 —
1034 4581 1088 4650 (11)
1099 4580 1163 4643 ἘΗ
1173 4578 1302 4643 deultum
