3232 5130
232 336 273 398 14

231 487 270 536 ea
290 486 350 551 que
374 473 447 535 sunt
467 468 594 551 spiritus
615 467 731 548 sancti3
752 466 813 551 ipsi
826 485 901 535 vero
922 484 995 533 suas
1014 465 1265 551 solummodo(1)
1287 466 1377 533 adin·

230 572 391 639 venciones
405 572 524 654 topicos
541 571 591 637 vel
606 571 837 655 proposiciones
859 570 969 638 dubias
991 569 1193 654 secuntum)
1215 574 1377 653 tamquam

231 675 513 741 demonstraciones
535 680 645 742 certas.
678 676 721 740 Et
742 676 815 742 licet
834 676 868 740 in
888 675 1036 758 predictis
1059 674 1188 756 diligens
1203 673 1324 739 cautela
1335 674 1378 741 sit

230 779 416 860 adhibenda,
438 798 500 845 non
517 784 622 844 tamen
633 780 808 861 spernenda
818 783 891 845 sunt
902 797 1133 862 usquequaque.
1164 777 1288 844 Timens
1300 795 1378 859 ergo

230 902 272 949 ne
290 882 376 949 istud
397 901 519 966 quoque
539 884 680 948 similiter
701 884 787 966 pium
809 902 886 966 opus
909 902 1016 949 eorum
1032 883 1176 948 dentibus
1192 881 1378 949 dilacerare·

230 991 298 1066 tur,
333 988 478 1069 cogitavit
506 988 607 1069 ipsum
636 987 790 1053 occultare
821 991 875 1052 aut
904 987 1000 1052 eciam
1029 987 1152 1069 penitus
1174 985 1377 1068 subprimere.

232 1089 322 1169 Quod
343 1109 382 1156 ne
402 1088 771 1173 fieretdivinasapiencia
784 1109 842 1173 per
858 1091 1052 1173 apertissima
1068 1091 1156 1171 signa
1177 1095 1210 1154 ct
1230 1089 1378 1172 pulchras

231 1194 436 1261 revelacionos
458 1195 582 1261 omnino
603 1194 769 1277 prohibuit.
803 1193 865 1260 Sed
887 1199 920 1259 et
940 1195 1033 1260 beata
1054 1194 1140 1275 virgo
1162 1212 1232 1259 cum
1245 1192 1378 1261 filiosuo

232 1298 354 1363 caudam
366 1317 498 1381 persone
515 1316 678 1381 apparens,
700 1297 758 1363 hec
779 1297 889 1362 eadem
910 1298 1051 1363 omnibus
1073 1298 1165 1363 deum
1180 1297 1379 1377 diligentibus

231 1403 438 1472 conmunicari
461 1404 608 1486 precepit.

649 1488 782 1571 Explicit
801 1489 957 1570 prologus.

709 1623 896 1679 swa

576 1766 692 1849 Jncipit
713 1767 819 1832 anua
839 1768 931 1849 primi
951 1767 1030 1832 uros.

297 1906 430 1971 Materia
449 1905 542 1988 primi
549 1904 597 1990 (3)
620 1906 711 1973 huius
732 1907 802 1972 libri
824 1911 872 1972 est
894 1905 987 1971 Cristi
1007 1907 1111 1989 passio
1140 1906 1378 1989 preciosissima,

233 2029 293 2093 que
314 2011 354 2076 de
375 2028 409 2075 se
431 2009 471 2073 ad
493 2027 630 2075 amorem
647 2008 799 2075 fervidum
820 2011 952 2075 rnidtum
967 2015 1015 2075 ost
1036 2011 1167 2088 motiva;
1190 2016 1223 2074 ct
1244 2012 1380 2092 qualiter

232 2133 323 2180 verus
336 2114 489 2199 sapiencie
504 2114 671 2197 discipulus
692 2115 725 2179 in
747 2115 810 2180 suis
832 2116 950 2181 actibus
972 2133 1006 2180 se
1028 2114 1128 2179 eidem
1139 2114 1232 2179 debet
1239 2115 1287 2199 (4)
1303 2134 1378 2183 oon·

231 2217 374 2284 formare.
406 2217 713 2283 Hiisinterseruntur
724 2219 857 2301 quedam
867 2219 997 2283 materie
1020 2236 1186 2283 conmunes
1208 2223 1240 2282 et
1261 2220 1377 2286 motive

231 2321 272 2388 ad
292 2321 486 2405 propositum
506 2322 706 2405 pertinentes.
728 2359 773 2369 -
795 2323 935 2402 Qualiter
957 2321 1085 2405 quidam
1107 2322 1197 2387 electi
1218 2327 1250 2387 et
1272 2323 1378 2389 divim

230 2427 335 2509 gracia
346 2426 487 2509 preventi
503 2426 543 2490 ad
557 2426 649 2491 deum
662 2426 843 2491 mirabiliter
864 2425 1040 2505 trahuntur,
1064 2430 1096 2490 et
1116 2426 1289 2509 specialiter
1299 2446 1377 2510 quo-

230 2531 323 2598 modo
351 2530 477 2614 quidam
503 2530 621 2595 iuvenis
649 2528 767 2612 fuito)
790 2534 918 2593 tractim
954 2527 1144 2611 Capittulunr
1164 2531 1308 2613 primum.
1330 2566 1376 2579 -

231 2635 392 2715 Quomodo
414 2633 508 2698 Cristi
528 2633 631 2715 passio
654 2633 695 2698 sit
714 2633 896 2714 preambula
917 2631 958 2696 ad
972 2634 1181 2714 cognitionem
1194 2634 1375 2717 divinitatis,

230 2743 262 2804 et
273 2740 395 2821 qualem
405 2736 537 2803 formam
548 2735 667 2801 matus
679 2736 866 2800 contraxerit
874 2735 923 2819 (6)
941 2755 979 2800 ex
990 2738 1158 2803 acerbitate
1179 2757 1234 2804 sue
1255 2739 1375 2821 passio-

229 2845 287 2908 nis.
311 2841 385 2923 Cap.
398 2840 553 2904 H.-De
564 2839 747 2922 quibusdam
759 2837 851 2903 Cristi
872 2840 1073 2921 passionibus,
1097 2846 1129 2905 et
1141 2842 1273 2922 qualiter
1281 2860 1373 2908 verus

229 2949 351 3011 amator
372 2963 405 3010 se
428 2944 544 3009 eisdem
566 2944 659 3008 debet
681 2941 887 3022 conformare,
922 2948 954 3008 et
983 2963 1078 3025 quare
1104 2945 1179 3010 deus
1201 2964 1257 3028 per
1278 2947 1374 3011 talem

230 3053 361 3113 mortem
383 3049 480 3115 voluit
500 3065 596 3129 genus
620 3046 788 3111 humanum
809 3045 970 3111 redimere.
1001 3047 1075 3130 Cap.
1098 3048 1154 3113 Ill.
1168 3086 1213 3095 -
1235 3050 1374 3128 Qualiter

229 3155 333 3219 anima
354 3172 414 3236 que
435 3171 582 3234 sponsum
602 3169 659 3233 per
679 3155 840 3233 peccatum
857 3151 1057 3233 perdiderat,
1081 3153 1181 3234 ipsum
1202 3154 1259 3219 sub
1283 3173 1374 3221 cruce

228 3277 285 3341 per
306 3257 455 3324 fervidam
476 3256 680 3338 penitenciam
695 3256 819 3335 invenit,
843 3253 1272 3340 Cristipassioneadiuta(7).
1296 3256 1371 3341 Cap.

228 3361 283 3427 IV.
305 3399 350 3408 -—
377 3362 522 3426 Planctus
550 3378 643 3441 super
664 3360 796 3425 extincto
825 3358 946 3424 fervore
974 3360 1149 3425 devocionis
1177 3361 1210 3425 in
1242 3362 1372 3429 diversis

228 3467 369 3548 personis
382 3467 542 3546 utriusque
563 3482 653 3528 sexus
675 3464 830 3529 modernis
853 3463 1058 3545 temporibus:
1082 3483 1158 3547 quos
1174 3464 1292 3530 Cristus
1314 3484 1373 3549 per

227 3588 317 3651 suam
338 3570 512 3651 passionem
533 3572 657 3633 revocat
678 3568 718 3632 ad
740 3586 847 3632 venun
870 3586 1016 3632 amorem.
1040 3566 1114 3649 Cap.
1137 3567 1175 3632 V.
1198 3605 1243 3614 -—
1265 3569 1371 3647 Qualis

227 3674 270 3739 sit
280 3675 383 3740 divina
393 3692 506 3755 sponsa
516 3677 623 3736 eterna
634 3672 797 3754 sapiencia,
822 3676 853 3735 et
865 3671 903 3735 dc
922 3671 1070 3752 qualitate
1081 3673 1195 3736 amoris
1205 3673 1323 3756 ipsius(
1345 3674 1370 3757 ).

229 3777 303 3859 Cap.
326 3777 435 3842 VI.—
457 3777 546 3854 Quod
568 3777 671 3840 dimna
692 3776 848 3858 sapiencia
869 3775 1008 3840 amabilis
1030 3776 1071 3839 sit
1092 3777 1209 3857 pariter
1231 3781 1262 3840 et
1280 3777 1370 3842 terri-

227 3882 306 3948 bilis.
336 3881 410 3964 Cap.
433 3880 502 3945 VH.
523 3918 568 3926 -
589 3881 636 3945 De
657 3880 866 3946 vicissitudine
888 3880 1073 3946 visitacionis
1097 3882 1215 3960 (livine,
1240 3886 1271 3945 et
1294 3899 1371 3963 qua-

294 4036 327 4104 (1)
339 4041 371 4099 M
382 4041 561 4100 solummodo
576 4059 643 4100 suas
666 4040 743 4098 CDP
756 4039 990 4099 solummodo-
1004 4035 1038 4104 (2)
1050 4045 1093 4098 ita
1104 4040 1258 4100 AEGHL:
1281 4045 1370 4101 ceteri

227 4124 564 4203 sequuntur—(blitea
573 4147 611 4203 pr
625 4128 653 4185 D
668 4131 775 4202 prirna3
798 4145 867 4186 vorot·
888 4127 968 4186 BGL
983 4128 1047 4186 libri
1061 4127 1147 4185 huius
1177 4128 1225 4186 ΟΡ
1240 4128 1304 4187 libri
1325 4160 1370 4172 -

227 4210 262 4279 (4)
276 4215 335 4273 ΒΜ
350 4215 454 4274 debeat
474 4249 518 4257 —
540 4210 574 4279 (5)
592 4214 751 4273 BFHJMP
762 4215 846 4274 fuerit
875 4212 1006 4272 Gluerat
1016 4246 1060 4255 —-
1077 4208 1111 4277 (6)
1124 4214 1176 4272 DF
1189 4223 1371 4274 contraxerat

227 4335 272 4344 -
293 4297 327 4366 (7)
350 4303 398 4361 GP
413 4301 567 4362 adiuvante
589 4335 632 4344 —
664 4295 698 4364 (8)
721 4300 778 4360 AD
795 4299 932 4375 qualitate
954 4302 1043 4375 ipsius
1065 4303 1170 4361 amoris
1206 4301 1255 4360 GP
1277 4302 1367 4376 ipsius

227 4391 332 4448 amoris
354 4388 490 4464 qualitate
