3232 5130
239 351 303 414 1⁰4

236 505 299 557 nen
319 488 490 572 optinuerit
508 485 710 572 trimphum.
739 488 793 557 Sic
811 494 848 559 et
861 491 975 563 dacor
984 491 1379 576 genciumrepositnmsubi

235 595 350 662 mbae
371 608 516 661 coronam
536 592 1024 677 magnammagnar
1044 597 1378 680 minusquamsiom·

235 717 291 766 nas
311 698 356 764 bii
375 715 454 780 quos
475 700 679 777 oonvfftcrat,
701 698 734 762 in
756 716 830 763 vern
850 697 912 764 lide
933 706 966 764 et
986 701 1105 765 unitate
1123 702 1232 767 manis
1245 701 1379 767 ecclesie

234 803 450 888 perstitissent.
482 800 564 866 Nam
584 801 661 866 nulli
682 801 809 868 dubium
821 803 881 869 boc
893 803 977 886 quod
987 804 1036 887 (2)
1046 805 1238 886 mancia
1250 822 1378 888 quoque

234 909 267 976 in
287 907 348 974 boc
367 923 440 972 cusu
462 905 562 985 docet,
585 906 658 988 quia
678 925 741 972 non
762 925 930 989 numquam
951 907 1086 974 doctoris
1106 911 1226 975 animus
1245 908 1378 993 pluant-

232 1012 348 1095 digitur
367 1010 473 1076 labore
494 1013 527 1074 et
547 1009 668 1089 dolore,
690 1010 743 1076 ubi
764 1029 799 1076 se
819 1011 952 1075 inaniter
971 1016 1063 1095 putat
1081 1012 1254 1093 labomsc,
1278 1032 1376 1096 quam

232 1117 286 1184 nbi
304 1114 509 1205 findnosgse
522 1114 711 1179 estimaverit
723 1115 832 1196 egisse.
863 1114 905 1180 Jn
922 1115 982 1180 isto
1003 1134 1137 1199 nomque
1149 1117 1288 1199 gauderus
1299 1136 1376 1185 con-

231 1221 334 1305 plccct
354 1219 411 1286 sibi
432 1219 464 1283 in
486 1217 626 1296 domin03
649 1219 681 1283 in
701 1219 754 1284 illo
777 1225 881 1284 summ
903 1214 1017 1285 dolens'
1030 1221 1134 1284 anima
1153 1239 1211 1285 sus
1231 1221 1272 1287 ad
1291 1223 1376 1305 seip-

227 1312 298 1394 'sam
319 1323 521 1391 antmmtur
532 1322 598 1406 (a),
626 1328 658 1387 et
678 1323 805 1405 insuper
825 1323 967 1389 onata
987 1324 1160 1390 asnorum
1179 1325 1286 1391 acus
1305 1326 1375 1391 vn-

230 1435 367 1497 neratnr.
399 1426 530 1510 Moyses.
543 1426 597 1508 qui
618 1445 638 1491 a
658 1426 783 1492 domino
804 1433 981 1510 assumptus
1002 1428 1168 1495 etelectus
1180 1428 1248 1508 fuit,
1269 1416 1394 1512 utpo?

231 1534 338 1618 pulum
359 1550 449 1598 sunm
471 1530 511 1595 dc
532 1536 618 1595 terra
639 1530 745 1613 Egipti
769 1531 915 1621 educeret
942 1533 975 1597 in
1003 1538 1118 1597 terram
1146 1534 1373 1615 promissionis,

233 1642 309 1721 quot
330 1642 422 1719 putas
443 1635 528 1700 milia
548 1633 673 1700 fuerumt
693 1634 737 1699 bii
749 1635 798 1717 (4)
809 1654 886 1718 quos
900 1635 1028 1700 eduxit?
1047 1636 1091 1701 Et
1104 1655 1174 1703 ecce
1188 1637 1227 1702 de
1239 1637 1298 1704 hiis
1311 1638 1375 1704 dno

231 1743 289 1810 soli
309 1744 526 1824 pervenerunt,
549 1741 644 1806 ceteri
663 1740 832 1823 perlemnt.
866 1739 992 1806 Gedcon
1008 1757 1099 1823 quem
1119 1743 1245 1825 spiritus
1259 1742 1376 1808 domini

228 1847 374 1915 induerat
385 1845 433 1927 (5)
445 1849 481 1909 ut
501 1845 649 1927 populum
671 1863 760 1910 suum
783 1862 802 1907 a
823 1843 1010 1926 Madyanitis
1030 1845 1184 1925 liberaret„
1206 1848 1320 1912 multos
1332 1847 1375 1912 ad

230 1971 265 2020 sc
286 1950 385 2017 socios
406 1948 551 2030 elegerat,
574 1954 610 2014 ut
631 1953 740 2014 contra
761 1954 989 2036 aospugnaret3
1011 1954 1150 2032 nutuque
1164 1950 1279 2016 domini
1291 1952 1376 2033 apud

230 2075 326 2140 aquas
347 2055 486 2138 probati,
516 2059 565 2119 tot
591 2054 676 2119 milia
696 2053 804 2118 reiecti
825 2058 919 2134 atquc
940 2055 1056 2119 reversi
1077 2059 1159 2133 sunt,
1182 2060 1214 2120 et
1234 2054 1292 2120 soli
1311 2051 1376 2121 tress

230 2161 311 2228 senti
332 2159 390 2226 viri
412 2159 464 2243 quui
485 2161 700 2224 remanserant
721 2176 792 2223 cum
813 2176 850 2247 eo
880 2158 1041 2223 certamini
1069 2177 1104 2223 se
1131 2158 1242 2224 dantes
1269 2158 1376 2227 hostes

228 2254 376 2333 uicerunt.
410 2263 493 2347 Ysay
510 2263 628 2341 ‚multos
650 2262 806 2344 elegantes
828 2262 937 2328 habuit
950 2261 1028 2328 filios
1041 2282 1049 2341 ;
1071 2263 1155 2328 solus
1166 2263 1268 2328 David
1279 2264 1312 2329 in
1324 2281 1376 2330 rc·

230 2388 300 2453 gem
323 2368 455 2451 eligitur.
490 2367 539 2433 Sic
552 2367 649 2432 multi
661 2368 709 2453 (6)
721 2386 810 2450 reges
831 2367 954 2448 iudayci
974 2366 1091 2449 populi,
1112 2367 1194 2432 inter
1214 2366 1292 2451 quos
1309 2386 1376 2434 om·
1494 2408 1496 2416 ι

232 2492 287 2540 nas
309 2474 367 2540 soli
387 2478 453 2538 tres
475 2472 595 2538 excelsa
616 2472 818 2538 abstulerunt.
852 2471 904 2538 Sic
923 2471 1017 2553 igitm
1037 2489 1094 2553 per
1114 2472 1235 2552 singulo
1258 2473 1375 2538 duom-

230 2578 494 2663 rcndo,'invenles
516 2581 548 2642 te
570 2594 700 2655 errasse,
723 2577 797 2641 dum
818 2575 957 2641 ordinem
978 2560 1117 2641 universi
1125 2576 1373 2658 pulcherrimum,

231 2686 264 2748 e't
283 2701 346 2748 non
367 2680 426 2747 nisi
448 2699 467 2745 a
489 2680 592 2759 divina
613 2681 768 2762 sapiencia
788 2680 973 2759 institutum,
996 2680 1028 2744 in
1050 2681 1250 2762 generacione
1264 2685 1375 2746 etcor-

230 2787 395 2869 rupcionc,
418 2789 449 2849 et
469 2784 621 2849 libertatis
643 2781 762 2848 arbitrii
782 2782 986 2864 flexibilitate,
1017 2785 1057 2848 ad
1078 2789 1164 2849 tuam
1184 2774 1374 2849 voluntatem

230 2894 411 2970 retorquere
433 2887 566 2952 voluisti.
600 2886 735 2952 Proinde
757 2886 797 2952 de
819 2892 922 2953 cetero
945 2889 1107 2970 diligenter
1122 2906 1202 2968 cave,
1224 2905 1264 2951 ne
1276 2887 1308 2951 in
1325 2886 1374 2951 lu·

230 2998 334 3057 tinum
355 2991 466 3074 pusillo
489 2991 591 3057 animo
614 2989 679 3070 fias,
703 2991 782 3055 sicut
803 2996 876 3056 tunc
899 3010 968 3056 cum
990 2991 1252 3058 tuosconfractos
1277 2991 1373 3074 pedes

231 3101 264 3162 et
284 3099 412 3178 propter
432 3095 570 3160 laborem
591 3096 640 3160 vie
662 3093 799 3174 inflatos,
831 3097 966 3160 omnium
989 3097 1139 3163 conditori
1160 3114 1282 3163 sursum
1301 3116 1374 3179 pon-

229 3200 345 3279 rcxisti,
367 3203 399 3264 et
420 3217 475 3264 cur
495 3199 633 3264 laborem
655 3204 687 3264 et
700 3182 836 3264 dolorem
850 3204 937 3264 tuum
950 3219 1013 3266 non
1028 3202 1195 3283 respiceret
1207 3201 1375 3283 inpacienti

229 3299 331 3371 animo
354 3305 584 3384 ostendisti„eo
607 3305 689 3386 quod
712 3304 927 3388 quondam(l)
940 3302 1092 3371 orieldem
1112 3325 1172 3388 per
1190 3310 1222 3371 te
1244 3306 1374 3372 afauci-

229 3410 287 3491 bus
307 3409 422 3475 inimici
443 3414 591 3491 ereptam,
615 3427 738 3474 rursum
754 3409 922 3474 recidivare
941 3412 1089 3491 permisit,
1112 3411 1298 3495 et(8),quod
1310 3415 1379 3477 non'

228 3500 334 3597 pocius
356 3515 455 3596 ipsam
478 3498 517 3588 d'e
539 3513 598 3580 hoc
619 3513 742 3585 mundo,
756 3515 788 3577 in
810 3518 916 3579 sancto
939 3512 1040 3580 adbuc
1060 3517 1219 3598 proposito
1241 3517 1373 3582 existen·

228 3623 292 3684 tem
314 3618 448 3700 migrare
469 3616 556 3714 fecit,
579 3637 679 3701 neque
700 3623 733 3682 te
756 3637 793 3683 ac
814 3619 949 3700 scipsum
971 3619 1009 3684 de
1032 3637 1068 3684 eo
1091 3621 1143 3701 qui
1164 3621 1263 3686 cidem
1285 3622 1373 3684 ruine

230 3723 420 3788 occasionem
443 3724 578 3802 dederat·
592 3725 697 3789 statim
712 3724 886 3789 vindicavit.
920 3724 981 3789 Sed
996 3725 1103 3806 pocius
1117 3726 1262 3805 cogitabis
1276 3743 1373 3807 quan-

229 3828 295 3888 tum
318 3843 375 3906 ego
397 3827 543 3905 laboravi,
567 3845 636 3890 cum
658 3846 755 3909 genus
777 3827 944 3892 humanum
967 3829 1093 3907 redemi,
1117 3833 1149 3892 et
1169 3833 1271 3894 tamen
1289 3828 1372 3911 apud

229 3929 462 4012 multosparum
475 3928 601 4013 profeci.
634 3930 726 3996 Unde
741 3935 772 3995 et
784 3935 859 3996 tunc
874 3933 1004 4014 quadam
1018 3933 1125 3998 celesti
1139 3933 1371 4013 illuminacione‚

232 4051 301 4099 cum
324 4033 448 4100 turbato
471 4033 573 4098 animo
595 4051 645 4099 me
667 4052 828 4116 argueres,
858 4037 920 4101 talc
948 4038 1085 4102 diunum
1113 4037 1299 4119 simplicitati
1318 4042 1372 4102 tue

230 4135 363 4204 habuisti
376 4156 573 4220 responsum:
593 4137 713 4203 Sufficit
728 4138 876 4223 discipulo
891 4142 918 4206 si
931 4142 971 4207 sit
984 4144 1064 4207 sicut
1078 4143 1226 4223 magister
1240 4142 1324 4223 eius(
1346 4141 1370 4222 ).

295 4257 329 4325 (l)
354 4264 426 4322 Tim.
448 4261 492 4333 ΙΙ,
512 4267 542 4335 4,
564 4265 592 4323 8.
613 4297 657 4306 -
680 4258 713 4325 (2)
736 4261 929 4333 AGHMcdd
949 4274 978 4324 et
997 4299 1042 4309 ·—
1064 4263 1098 4332 (3)
1122 4267 1204 4325 Psol.
1226 4268 1269 4336 41,
1292 4267 1371 4321 7.-

231 4341 265 4409 (l)
287 4345 326 4404 hil
348 4365 396 4407 om
418 4349 526 4408 ABDF
555 4383 599 4395 --
620 4347 654 4415 (⁵)
677 4351 777 4410 Judlc.
800 4354 834 4424 6,
863 4355 912 4411 34.
944 4385 987 4395 —
1010 4348 1044 4416 (6)
1065 4355 1168 4429 supple
1188 4354 1302 4411 luerunt
1328 4383 1371 4393 -·

232 4430 264 4498 (7)
288 4431 575 4511 BGJLMquondam
597 4471 641 4484 -
663 4433 696 4503 (8)
719 4437 877 4498 CHMPeo
899 4472 942 4483 --
964 4436 998 4502 (9)
1021 4439 1129 4499 Matlla
1150 4443 1198 4512 10,
1220 4443 1268 4503 25.
