3232 5130
1325 377 1386 440 12⁷

244 527 303 593 per
322 510 534 575 extensionem
555 528 702 575 manuum
724 527 779 576 seu
801 511 959 592 oculorum
981 509 1022 576 ad
1045 501 1223 576 crucifixum
1247 511 1388 581 subleva·

245 614 364 696 cionem
385 613 435 679 vel
455 615 589 696 pectoris
610 615 785 680 tunsionem
797 614 846 698 (ι)
857 619 912 680 ιιι
933 614 1160 696 genuflexiones
1179 616 1316 696 devotas,
1337 616 1387 682 vel

245 721 349 782 cetera
369 717 481 782 similia
510 717 637 809 pietatis¹
663 717 779 799 officia,
809 719 1033 800 condnuando,
1064 719 1162 785 donec
1189 719 1388 809 egrediantur

244 839 325 903 aque
344 820 545 886 lacrimarum
561 820 742 904 largissime,
765 828 800 887 ut
821 823 958 888 atracio
979 823 1066 887 bibat
1087 823 1386 905 devocionis'aquas,
1501 902 1503 906 .

243 928 276 991 et
298 943 409 1007 corpus
431 925 564 990 animale
585 927 651 991 eius
674 945 725 991 er
732 926 894 1010 presencia
915 944 1087 1007 accensum,
1110 928 1151 992 ad
1164 925 1301 1009 maclam
1322 927 1388 993 abi-

242 1028 358 1095 litetur.
403 1029 493 1109 Quod
514 1031 541 1095 si
561 1029 713 1115 forsanQ
714 1030 876 1113 >causaris
898 1035 932 1095 ta
952 1029 1096 1099 affectum
1117 1030 1201 1096 hunc
1223 1030 1388 1127 delectabi-

241 1133 304 1198 lem
325 1138 369 1198 et
377 1132 546 1219 ddciorem
567 1153 662 1218 super
681 1122 744 1200 mel
765 1139 799 1200 et
819 1133 924 1231 iarum
944 1132 1046 1201 rarius
1068 1136 1215 1218 experiri,
1241 1135 1386 1201 uimimm

242 1238 330 1319 quia
326 1236 475 1304 semiton
496 1239 754 1339 temptationibus
775 1239 900 1304 interim
922 1239 1115 1305 exerciteris.
1145 1239 1243 1304 multo
1270 1237 1388 1306 ιιιιιιιι

241 1343 324 1425 agis,
353 1342 382 1419 si
398 1343 550 1411 virtutem
570 1343 671 1426 ipsam
691 1360 755 1409 non
775 1360 834 1425 pru
856 1342 1065 1409 delectatione
1086 1362 1179 1426 quam
1200 1343 1384 1427 expendit,

241 1447 297 1512 sed
317 1462 376 1529 pro
397 1447 562 1513 virtutibus
583 1447 658 1530 ipsis
680 1453 713 1513 et
732 1447 799 1513 solo
820 1438 1012 1530 beneplacito
1044 1447 1094 1512 dei
1120 1451 1189 1517 tota
1212 1446 1388 1512 intencione

241 1551 320 1615 etsi
349 1567 412 1617 non
440 1549 606 1617 affeccione
635 1552 773 1617 sectaris.
813 1549 951 1617 Affectus
981 1551 1072 1616 enini·
1093 1551 1292 1618 beatitudinis
1321 1555 1383 1632 est,

240 1654 518 1722 exerciciumvcro
530 1655 723 1739 (3)vi1mtis.
756 1655 861 1722 Porro
884 1655 1037 1738 passionis
1065 1672 1134 1720 mee
1154 1653 1299 1737 frequens
1320 1674 1386 1721 me-

239 1756 431 1842 dimaon),
460 1759 626 1824 inter'alia
645 1759 826 1840 innumera,
857 1759 898 1824 ad
913 1758 989 1824 duo
1017 1759 1165 1842 precipue
1185 1758 1242 1824 ubi
1262 1748 1386 1825 noveris

238 1863 385 1945 prodesse
406 1863 529 1944 solacia,
552 1863 696 1929 videlicet
717 1865 758 1930 ad
779 1863 941 1930 tristiciam
955 1864 1164 1929 inordinatam
1174 1857 1384 1947 repellenddm

238 1970 271 2030 et
290 1985 404 2048 penam
424 1967 597 2048 purgatorii
620 1968 860 2034 diminuendam.
895 1969 1037 2048 Qualiter
1058 1972 1163 2033 autem
1188 1967 1279 2032 dolor
1297 1984 1385 2032 meus

238 2071 377 2136 dolorem
399 2070 493 2134 animi
515 2072 648 2153 expellat
659 2072 719 2154 (b),
742 2073 883 2155 exemplo
904 2073 1012 2154 pocius
1035 2089 1129 2152 quam
1150 2070 1249 2137 verbo'
1262 2063 1318 2136 tibi
1331 2070 1386 2136 de·

235 2174 427 2239 monstrabo.
470 2172 549 2237 Erat
576 2184 711 2255 namque
740 2175 866 2256 quidam
902 2175 1069 2257 discipulus
1099 2175 1269 2257 sapiencie,
1299 2174 1386 2240 auus

238 2279 352 2325 nomen
372 2261 414 2324 sit
434 2260 467 2323 in
487 2259 566 2326 libro
587 2261 660 2339 vite,
683 2278 777 2342 quem
798 2261 880 2325 circa
902 2261 1109 2326 conversionis
1131 2278 1187 2326 sue
1204 2261 1297 2325 inicia
1310 2279 1386 2349 que-

239 2366 311 2429 dam
326 2364 462 2429 mistiae
482 2363 658 2434 inordinata
676 2368 744 2428 tam
765 2363 901 2429 letaliter
911 2364 961 2447 (6)
974 2365 1140 2446 oppressit,
1160 2369 1196 2429 ut
1208 2382 1266 2430 nec
1281 2364 1385 2446 legere

237 2468 287 2533 vel
309 2487 399 2534 orare
426 2468 476 2534 vel
487 2468 536 2553 (7)
548 2469 717 2550 quidquam
745 2469 818 2535 boni
845 2488 903 2551 pro
932 2472 1008 2534 tunc
1035 2468 1137 2535 iacere
1165 2473 1279 2552 posset.
1324 2469 1385 2548 Qui

238 2573 374 2657 dum(8)
386 2574 437 2639 die
459 2573 594 2656 quadam
614 2573 647 2638 iu
668 2573 747 2638 cella
767 2557 907 2638 residens
929 2573 968 2637 ab
990 2573 1049 2641 hac
1077 2573 1221 2656 passione
1246 2573 1384 2655 graviter

237 2681 402 2758 urgeretur
423 2681 455 2742 et
476 2677 647 2742 incredibili
669 2675 997 2759 doloreaffligeretur,
1019 2675 1103 2742 facta
1124 2682 1173 2742 est
1186 2678 1227 2758 ad
1244 2694 1316 2742 eum
1329 2678 1384 2743 de·
1476 2682 1479 2691 '

236 2800 331 2864 super
351 2781 441 2863 quasi
461 2800 521 2847 vox
543 2781 759 2848 intellectualis
781 2774 903 2847 dicens:
926 2781 1008 2860 Quid
1029 2781 1080 2846 hic
1093 2781 1183 2848 sedes
1197 2781 1328 2862 ociosus,
1350 2786 1384 2848 et

235 2886 268 2950 in
295 2885 407 2967 teipso
424 2885 616 2951 tabescens?
639 2885 738 2967 Surge
767 2903 849 2951 nunc
878 2890 910 2951 et
936 2904 1038 2965 meam
1067 2885 1244 2968 passionem
1270 2886 1384 2953 devota
1442 2886 1448 2906 ¹

234 2994 401 3073 pertracta,
424 2994 457 3055 et
477 2990 510 3054 in
531 3007 602 3054 maa
624 2989 736 3054 amarit
723 2989 833 3054 tudine
851 2994 940 3057 tuum
962 2991 1104 3056 devinces
1127 2990 1275 3056 dolorem
1313 2984 1381 3070 Quo

235 3094 342 3158 audito
364 3092 426 3158 frat
412 3098 462 3157 ter
481 3094 533 3158 ille
555 3094 705 3173 surrexit,
735 3098 767 3158 et
796 3113 831 3159 se
859 3094 900 3159 ad
921 3085 1176 3179 menandrum
1179 3076 1387 3178 ipassionem.

236 3197 382 3277 contudit3
405 3200 437 3262 et
459 3202 593 3262 extunc
613 3198 765 3263 medicina
786 3197 845 3263 hac
860 3199 990 3263 salutari
1005 3203 1133 3264 sanatus
1135 3217 1215 3281 ,per
1229 3200 1296 3265 eius
1308 3217 1381 3264 oon·
1407 3209 1409 3214 '

235 3301 354 3366 tinuam
375 3302 611 3385 replicacionem
631 3319 828 3385 nequaquam
848 3302 918 3385 plus
941 3304 1051 3367 det
1002 3308 1051 3368 cet
1052 3321 1105 3368 ero
1124 3303 1219 3368 talem
1232 3321 1387 3385 umquam-

235 3407 331 3470 sansit
352 3407 446 3470 animi
467 3407 651 3488 passionem.
678 3406 826 3485 Qualiter
847 3411 952 3471 autem
966 3405 1025 3472 hac
1040 3406 1203 3481 utiliSsima
1216 3407 1380 3472 malitacio

234 3529 348 3593 penam
368 3511 541 3593 pmgatorii
561 3510 702 3576 relaxare
722 3510 837 3576 habeat
857 3510 914 3601 tibi
935 3510 1086 3575 indicabo.
1114 3500 1169 3575 'En
1195 3515 1308 3591 auctor
1323 3527 1380 3574 na·

235 3619 305 3680 ture
326 3616 370 3679 nil
389 3604 598 3681 inordinatum
619 3617 652 3680 in
673 3633 731 3681 sua
751 3620 865 3680 natura
885 3614 1124 3698 relinquitlld).
1164 3614 1227 3679 Sed
1253 3613 1380 3699 ιιι-ιιι-
1481 3562 1526 3633 '¹¹

234 3720 307 3785 vina
327 3719 448 3785 iusticia
468 3720 637 3802 quidquam
658 3720 733 3785 mali
753 3719 930 3802 inpunitum
953 3717 1096 3799 dimittit,
1127 3717 1211 3800 quod
1240 3710 1380 3784 nunaut
1454 3715 1457 3720 ’

234 3822 360 3888 hict
305 3828 360 3887 aut
380 3824 412 3888 in
429 3823 538 3888 tuturo
561 3823 664 3888 debite
685 3823 816 3889 subiciat
828 3822 898 3908 (ιι)
910 3822 1106 3887 correctioni.
1141 3821 1380 3905 Quondam
1284 3823 1380 3904 igitur

233 3933 326 4057 putas
347 3926 440 3992 finem
461 3926 548 3992 habit
534 3931 606 3992 tura
628 3931 713 3993 esset
731 3945 813 4010 pena
833 3927 961 3992 alicuius
983 3911 1170 4009 peccatoris,
1199 3927 1274 4008 qui
1267 3927 1378 3993 multis

298 4082 336 4153 (1)
359 4087 626 4148 Ctdnsiouem—
653 4081 702 4153 (²)
711 4085 945 4148 scrutariam
989 4084 1176 4147 Diorta'-
1204 4081 1240 4152 (3)
1270 4086 1401 4161 GJLM‹

232 4193 366 4235 vere-
380 4156 424 4240 (4)
447 4174 660 4250 Birequentem
683 4174 966 4234 meditocio'uem
988 4168 1024 4237 (⁵)
1046 4172 1264 4250 Drapellat-
1285 4168 1334 4239 (6)
1343 4175 1376 4237 Μ

232 4255 448 4323 letabililer-
470 4259 504 4325 (7)
526 4261 555 4319 l)
568 4278 621 4322 noc
644 4278 725 4322 orare
746 4278 865 4322 nec—
885 4256 923 4327 (8)
946 4260 1092 4336 CDcum3
1114 4277 1186 4319 moa
1207 4259 1375 4338 unodaru

232 4382 288 4500 fih-
297 4345 492 4497 (iisfiffrffi
500 4347 761 4409 meditandum—
781 4341 843 4414 (10)·
857 4345 1108 4425 ADJMreliquit3
1131 4363 1202 4407 moa
1222 4346 1244 4406 J
1261 4347 1313 4410 Sic
1330 4380 1380 4397 -v
