3000 5196
185 391 247 453 114

183 524 274 592 simu
294 541 377 588 nunc
398 521 519 587 divisim
540 538 592 586 me
613 518 795 602 affligentes:
829 519 941 585 Frater
955 525 1030 585 tunc
1043 538 1130 586 eram
1144 520 1269 587 leonum
1281 521 1339 605 (1)

183 632 215 696 et
235 624 336 694 socius
357 626 558 691 strucionum.
593 623 694 690 Canes
715 624 815 691 rabidi
836 623 1001 690 adversum
1022 643 1074 690 me
1095 624 1267 706 latrabunt,
1280 627 1338 710 (a)

181 732 358 814 scorpiones
379 748 399 795 a
419 733 540 796 secreto
561 729 775 794 vulnerabant.
816 727 983 810 Serpentes
1012 729 1147 811 quodum
1176 731 1319 815 vento(3
1321 731 1337 813 )

181 835 307 933 fetido
297 852 330 899 m
350 853 402 900 me
422 832 597 900 sufflabant
608 850 645 898 ac
666 832 879 935 ιιιιιιιιιι(4
880 831 911 913 ),
943 837 976 897 et
1003 831 1112 899 faciem
1134 846 1235 898 meum
1258 852 1338 900 uon-

183 926 296 1027 spuere
315 957 378 1005 non
400 938 616 1003 verebantur·
630 936 742 1020 Sicque
765 938 848 1002 omni
863 954 977 1018 genere
994 956 1145 1019 penarum
1161 956 1211 1003 me
1224 923 1337 1004 leden·

181 1049 229 1109 tes
250 1060 288 1108 ac
307 1042 487 1120 illudentes
515 1041 612 1107 vitam
641 1059 743 1106 meam
772 1041 814 1106 ad
842 1041 1083 1106 amaritudinem
1107 1041 1336 1123 perducebant

181 1147 263 1228 Quid
282 1144 395 1229 plura?
427 1144 563 1228 Tempus
584 1162 646 1209 non
668 1143 878 1225 sufficeret,
852 1163 879 1210 si
895 1136 1016 1226 'singula
1034 1126 1336 1212 adversatricisme'c

180 1250 311 1333 flagella,
333 1249 445 1331 quibus
466 1266 516 1313 me
530 1266 628 1329 usque
642 1248 683 1313 ad
696 1248 777 1313 bunc
790 1247 900 1314 horam
916 1248 1088 1330 castigavit,
1110 1249 1222 1315 vellem
1238 1268 1336 1315 enar·

181 1373 261 1420 rare.
301 1352 364 1418 Sed
393 1350 598 1418 dicerelibct
613 1368 690 1418 cum
711 1350 880 1435 propheta:
911 1353 1070 1447 Secretum
1092 1370 1195 1417 meum
1217 1354 1332 1436 urieli,

179 1462 333 1526 secretum
354 1450 458 1523 meum
479 1448 643 1541 micbist),
683 1456 751 1522 Hec
776 1454 882 1522 autem
912 1475 949 1521 ex
971 1456 1186 1523 habundancia
1207 1458 1332 1540 cordis,

179 1566 309 1646 propter
328 1580 436 1627 vocem
457 1562 587 1635 iocunde
609 1546 830 1628 consolacionis
852 1548 915 1641 tue,
939 1560 978 1625 dc
999 1556 1192 1643 plenitudine
1213 1562 1332 1645 cordis,

179 1666 271 1732 simrd
293 1684 363 1731 cum
385 1664 592 1732 defluentibus
613 1650 747 1731 lacrir'nis
769 1665 920 1731 violenter
941 1670 1110 1748 eruperunt
1122 1666 1181 1751 (6).

187 1806 193 1814 ·
243 1769 311 1836 Hcc
324 1788 393 1835 cum
408 1769 576 1852 disciprdus
590 1756 736 1850 audisset,
751 1769 906 1834 intellexit·
916 1770 1088 1835 misterium
1099 1782 1178 1835 'esse
1193 1770 1332 1853 despon-

178 1875 308 1942 sacionis
330 1880 438 1939 eterne
458 1874 621 1957 sapiencie,
645 1892 706 1956 que
726 1893 799 1940 suos
831 1878 985 1963 emptores
1007 1874 1228 1957 temporalibus
1251 1893 1332 1940 con·

178 1979 285 2044 suevit
296 1978 548 2044 tribulaciombus
563 1976 705 2060 probare,
728 1982 761 2043 ct
780 1979 928 2061 probatos
949 1979 1007 2043 sibi
1028 1979 1062 2042 ιιι
1073 1978 1212 2043 amicicia
1229 1996 1330 2061 oopu-

177 2083 251 2148 lare.
290 2082 334 2147 Et
363 2100 527 2148 conversus
557 2072 597 2147 a'd
626 2100 695 2147 eam
717 2082 809 2147 dixit:
840 2082 867 2149 0
896 2083 998 2148 divine
1018 2072 1173 2167 sapiencie
1194 2083 1328 2166 abyssus

176 2186 448 2270 inperscmtabilis,
462 2186 489 2253 0
504 2187 602 2253 tocius
616 2186 741 2269 pietatis
755 2187 883 2270 pelagus
905 2187 1132 2253 interminabile
1143 2186 1202 2270 (t),
1226 2205 1328 2269 quare

179 2288 355 2379 sipoffllgis
377 2290 540 2374 diligentes
562 2296 604 2370 te,
628 2293 660 2355 et
681 2294 713 2356 te
734 2291 889 2357 modicum
911 2292 1155 2358 curantes'collo
1167 2284 1326 2374 permittis

176 2395 318 2467 incedere
340 2394 465 2460 cresto?
496 2394 550 2460 An
568 2387 692 2476 ignoras
713 2399 749 2460 tu
771 2395 824 2478 qui
845 2413 879 2461 es
899 2395 1072 2478 plasmator
1092 2386 1245 2475 omnium,
1274 2396 1326 2460 in-

176 2497 331 2563 firmitatis
352 2497 486 2563 brunone
505 2499 606 2563 debile
618 2499 748 2563 nimium
762 2517 830 2564 esse
843 2498 1087 2580 fundamentum,
1111 2504 1143 2565 ct
1157 2499 1244 2581 quod·
1254 2517 1326 2564 cor-

176 2622 235 2686 pus
258 2602 341 2685 quod
362 2602 570 2691 corrumpitur
590 2602 623 2667 in
643 2606 766 2666 tantum
788 2608 938 2682 aggravm
959 2603 1172 2686 onimomtss),
1202 2607 1238 2668 ut
1259 2621 1324 2671 non

177 2706 276 2790 possit
297 2723 421 2786 semper
443 2722 486 2768 ea·
501 2723 562 2786 que
582 2709 715 2771 ventuua
736 2709 809 2779 sunt
830 2705 991 2788 inspicere,
1014 2708 1069 2772 sed
1088 2707 1208 2788 cogitur
1222 2706 1323 2788 magis

177 2809 220 2873 ad
241 2825 279 2873 ea
300 2826 360 2889 que
382 2804 415 2871 in
436 2811 603 2888 prospectu
624 2811 698 2872 sunt
719 2806 952 2873 inclinationem
974 2808 1111 2874 habere?
1143 2809 1324 2891 Oolemen-

176 2912 294 2976 tissime
317 2911 393 2975 deus
414 2910 630 2977 bibuduciones
652 2914 775 2978 nostras
797 2912 964 2978 clementer
987 2912 1156 2994 considera,
1179 2918 1211 2979 et
1219 2915 1323 2979 uirtu-

178 3020 242 3079 tem
263 3014 404 3096 pac'iendi
419 3019 547 3096 presta,
563 3032 614 3079 ac
640 3015 702 3081 tuis
731 3009 913 3097 gratissimis
943 3016 1205 3083 consolacionibus
1227 3019 1323 3084 corda

175 3119 311 3185 invalida
331 3136 368 3183 ex
383 3102 617 3183 alto⁸contirma
652 3119 888 3213 subinnuit:
911 3120 1078 3204 Hynnulus
1092 3127 1234 3187 recenter
1247 3136 1321 3204 pro·

176 3224 298 3307 genitus
310 3222 358 3307 (9)
369 3227 547 3297 maternum¹
565 3221 718 3305 rengrum
741 3225 858 3307 querit,
890 3244 999 3308 capree
1021 3226 1117 3291 ubera
1137 3226 1234 3309 petit;
1263 3226 1320 3293 sed

175 3347 247 3394 cum
268 3327 309 3392 ad
328 3327 525 3391 incrementa.
540 3326 644 3420 debita
671 3329 863 3410 pervenerit,
892 3329 1132 3408 lac.·deserens,
1162 3314 1332 3394 eacumina

175 3433 330 3499 moncium
350 3432 439 3514 petit,
460 3432 542 3496 inter
561 3431 635 3515 lylia
654 3433 801 3515 pascitur,
824 3437 858 3500 et
877 3434 965 3514 gregi
986 3452 1043 3498 suo
1064 3433 1160 3498 libere
1174 3434 1318 3499 sociatur

175 3535 339 3607 Puerilia
329 3554 412 3600 rura
419 3535 493 3603 lacti
514 3532 619 3623 debita
640 3540 792 3602 annonun
811 3536 875 3601 iam
896 3538 1105 3601 maturitatet
1091 3537 1318 3602 transcendisti

176 3641 311 3747 Tempus
333 3642 381 3706 est
390 3645 437 3727 ,ιι
458 3618 593 3723 ablactat
579 3645 630 3707 tus
644 3660 672 3706 a
692 3641 783 3722 laute,
805 3634 930 3706 acubus
949 3641 988 3706 ab
1001 3641 1144 3707 uberibus
1157 3640 1238 3725 (10),
1260 3659 1318 3706 nu-

174 3734 261 3810 me'ro
288 3744 425 3810 virorum
452 3743 583 3832 foroium
607 3744 799 3826 adiungaris
843 3726 994 3828 Exemplo
1022 3746 1117 3828 igitur
1128 3746 1318 3831 (11)eorum

175 3846 258 3913 disce
279 3843 353 3929 quid
374 3864 467 3928 agere
489 3847 612 3926 debeas,
635 3851 668 3911 et
689 3866 782 3930 quam
803 3850 962 3933 pacienter
984 3855 1095 3917 usmeta
1115 3850 1246 3916 adversa
1262 3849 1317 3914 de·

173 3951 247 4016 beas
268 3949 430 4031 sustinere,
452 3952 490 4013 ιι
510 3948 592 4030 parit
592 3965 628 4012 er
649 3954 681 4012 ct
701 3955 738 4016 ιι
758 3953 1009 4021 tribulacionibus
1027 3957 1186 4055 probatus,
1208 3971 1316 4020 eorum

168 4092 174 4105 ’
239 4104 273 4173 (1)
297 4106 355 4165 ΒΚ
365 4107 531 4173 draconum
552 4103 614 4164 Job
636 4107 688 4178 30,
709 4110 812 4168 29-
834 4105 867 4176 (2)
891 4112 996 4171 GEHP
1007 4115 1071 4170 add
1089 4123 1179 4172 ct-
1189 4109 1223 4176 (3)
1236 4110 1316 4172 GHJ

173 4188 364 4258 ventu—(⁴)
379 4192 435 4251 llll
445 4192 610 4271 aybilabant
640 4190 690 4251 JK
700 4194 865 4256 sibulabant
893 4197 1164 4256 bleibillabant—
1185 4194 1222 4265 (5)
1243 4199 1315 4258 leci.

173 4280 352 4351 2416-
373 4272 409 4344 (6)
431 4278 652 4356 uerumperunt
692 4278 827 4341 DFHJK
838 4288 1065 4357 erumpunt
1092 4277 1130 4348 (7)
1151 4284 1317 4345 Lmtcrml-

171 4363 339 4437 nabilis—
359 4359 397 4429 (83
418 4365 550 4443 Sapiens
572 4368 601 4440 9,
622 4368 721 4425 ld-
741 4360 778 4431 (⁹)
801 4367 849 4429 GP
859 4368 1028 4444 genitus
1049 4361 1103 4433 (¹0)
1124 4370 1195 4432 lsai.
1216 4373 1315 4445 28,9.

170 4481 214 4493 -
185 4430 290 4553 bnt)
310 4448 420 4511 DGJK
428 4468 513 4531 crgo;
533 4469 606 4515 mox
626 4451 798 4515 DKborum
996 4480 999 4485 ·
