3232 5130
1325 351 1388 413 227

248 510 331 576 diem
352 509 525 573 animarum
547 525 605 588 pro
627 505 743 571 eisdem
764 505 906 571 videlicet
926 504 1037 569 harum
1056 505 1235 569 oracionum
1258 522 1388 587 conper-

247 613 391 694 ticipibus
411 610 572 690 detinctis,
596 614 628 674 et
648 629 705 692 pro
727 610 866 692 ipsorum
890 609 969 674 caris
998 609 1103 675 amicis
1131 609 1257 673 missam
1285 609 1389 673 dicant

248 716 302 798 qui
322 720 396 781 sunt
416 715 593 781 sacerdotes
614 714 664 779 vel
686 711 826 793 offerant,
849 717 906 778 aut
927 717 1052 779 centum
1063 716 1155 795 pater
1164 716 1271 777 noster
1285 712 1389 776 dicant

248 821 301 904 qui
322 819 500 886 sacerdotes
520 836 584 884 non
606 821 689 883 sunt.
722 812 948 898 Subiungcntes
969 817 1081 882 devota
1101 816 1258 898 premissis
1271 815 1388 881 oracio-
1420 854 1429 861 -

246 924 337 990 nibus
359 924 440 989 hanc
460 923 728 1005 supplicacioncm,
750 926 786 986 ut
805 922 928 987 denset
945 922 1086 987 dominus
1101 925 1207 986 noster
1223 938 1279 1002 per
1297 938 1386 984 suam

249 1034 391 1095 eternam
414 1028 600 1110 sapienciam
622 1026 860 1091 misericorditer
880 1026 1007 1091 ecclesie
1027 1044 1083 1090 sue
1104 1026 1220 1090 dudum
1232 1024 1386 1108 (Utribu-

246 1116 501 1211 late'subveniat
525 1135 557 1195 et
578 1149 647 1195 eam
668 1130 709 1195 ad
730 1147 838 1212 pacem
858 1134 956 1213 ponat
976 1134 1008 1195 et
1027 1128 1290 1211 tranquillitatem.

311 1235 558 1320 (impendiosius
581 1240 684 1300 autem
694 1235 835 1316 predicta
846 1235 1109 1317 recapitulantes,
1131 1233 1288 1298 sciendum
1302 1233 1386 1314 quod

246 1345 400 1407 amatores
429 1358 485 1406 seu
514 1339 647 1405 cultores
676 1343 782 1404 eterne
810 1339 964 1420 sapiencie
979 1338 1026 1422 (2)
1039 1337 1206 1402 secundum
1235 1337 1385 1418 premissa

246 1447 360 1511 debent
388 1444 541 1510 carnalem
570 1462 626 1509 seu
647 1448 804 1508 terrenum
832 1460 968 1509 amorem
997 1443 1050 1524 qui
1076 1442 1195 1507 occasio
1216 1441 1384 1505 multorum

246 1554 294 1615 est
305 1549 353 1633 (3)
366 1548 519 1613 malorum
540 1549 691 1628 deserere,
716 1552 748 1612 et
769 1552 907 1612 eternam
917 1546 1103 1629 sapienciom
1115 1546 1148 1609 in
1160 1564 1305 1627 sponsam
1322 1546 1384 1627 spi·

243 1653 387 1718 ritualem
408 1671 575 1732 assumere,
598 1652 648 1716 vel
670 1652 942 1733 desponsacionem
963 1651 1043 1715 hanc
1064 1650 1180 1714 dudum
1195 1655 1384 1716 contractam

243 1775 324 1822 novo
346 1756 518 1821 devocionis
543 1754 657 1820 affectu
678 1774 837 1836 renovare,
861 1755 954 1821 etad
975 1755 1123 1820 maiorem
1146 1754 1318 1820 devocionis
1336 1755 1383 1819 in·

243 1861 421 1926 citationem
442 1864 507 1925 tres
529 1860 758 1942 prostraciones
780 1861 813 1925 in
833 1861 901 1927 loco
924 1860 1075 1926 oracionis
1089 1864 1208 1925 secreto
1216 1857 1381 1944 (tlfacere,

244 1984 313 2031 curn
334 1983 368 2030 se
389 1965 489 2046 primo
502 1964 550 2049 (5)
563 1964 605 2029 ad
628 1964 686 2029 hoc
708 1963 850 2030 offerunt.
883 1964 967 2029 Jtern
988 1967 1119 2046 possunt
1142 1963 1243 2028 facere
1264 1982 1302 2029 ea
1323 1982 1383 2047 que

242 2072 389 2135 secuntur
398 2069 464 2152 (6),
494 2069 637 2134 videlicet
669 2069 794 2133 cottidie
821 2070 924 2133 dicere
945 2073 1064 2150 septem
1088 2072 1178 2150 pater
1198 2072 1304 2133 noster
1324 2089 1381 2150 pro

242 2176 363 2256 septem
387 2173 471 2239 horis
494 2174 659 2256 sapiencie,
682 2192 739 2255 pro
762 2174 897 2254 qualibet
918 2172 1111 2238 horaunum.
1140 2172 1383 2239 Jteminmensa
1507 2172 1513 2181 '

241 2282 314 2343 ante
335 2279 549 2361 sumpoiouem
572 2279 631 2344 cibi
652 2278 758 2343 dicant
783 2297 878 2342 unum
906 2279 939 2342 in
967 2278 1164 2342 elemosinam
1191 2277 1382 2358 spiritualem

240 2381 300 2448 hiis
320 2383 480 2448 animabus
505 2401 566 2465 que
588 2386 662 2447 sunt
682 2382 780 2464 magis
803 2387 927 2464 egentes
949 2383 981 2447 in
1002 2382 1192 2464 purgatorio.
1220 2381 1305 2446 Jtem
1325 2400 1381 2448 no·

240 2487 316 2552 mini
336 2487 434 2553 Jhesu
455 2487 630 2552 dulcissimo
653 2506 748 2551 unum
771 2491 880 2552 contra
901 2505 991 2552 omne
1006 2488 1123 2552 malum
1137 2485 1380 2553 etiniortunium

238 2592 351 2657 mentis
372 2597 404 2656 et
425 2593 578 2674 corporis,
609 2592 709 2656 cidem
722 2590 770 2674 (7)
781 2591 988 2672 promittendo
1020 2592 1069 2656 vel
1089 2592 1301 2672 subiungendo
1322 2592 1379 2659 hec

238 2695 349 2761 verba:
371 2695 572 2761 Benedictum
594 2696 634 2760 sit
652 2712 766 2760 nornen
784 2695 899 2760 domini
916 2696 1015 2760 nostri
1033 2695 1131 2760 Jhesu
1152 2694 1245 2761 Oristi
1265 2696 1315 2761 dei
1329 2698 1377 2782 (8)

240 2802 272 2864 et
284 2799 415 2882 gloriose
436 2801 562 2882 virginis
583 2800 684 2865 Marie
704 2800 813 2865 matris
836 2800 901 2865 eius
916 2800 1091 2864 ineternum
1105 2804 1137 2864 et
1150 2800 1241 2865 ultra.
1265 2801 1313 2885 (9)
1334 2802 1378 2867 Et

237 2902 282 2968 sic
302 2908 394 2969 errant
413 2904 446 2970 in
466 2905 609 2969 universo
631 2923 743 2970 novem
763 2909 853 2986 pater
873 2909 988 2970 noster.
1026 2904 1069 2969 Et
1097 2904 1150 2987 qui
1169 2904 1286 2970 habent
1305 2925 1376 2988 gra-

238 3006 318 3071 ciam
334 3012 465 3089 possunt
482 3028 540 3091 pro
557 3009 740 3075 incitacione
758 3014 790 3074 et
805 3010 893 3091 signo
909 3010 1002 3075 divini
1021 3010 1134 3076 amoris
1150 3029 1263 3076 nomen
1278 3011 1376 3078 Jhesu

237 3126 342 3175 secum
364 3111 481 3175 occulte
493 3111 562 3195 (10)
572 3117 708 3194 portare,
741 3113 795 3177 Hii
816 3119 920 3180 autem
942 3116 995 3197 qui
1015 3116 1117 3180 sciunt
1137 3116 1239 3196 legere
1262 3115 1376 3182 debent

238 3214 339 3279 dicere
359 3233 416 3296 pro
439 3215 548 3281 maiori
569 3217 735 3283 devocione
758 3237 880 3284 cursum
902 3221 941 3285 de
962 3220 1133 3302 sapiencia,
1167 3224 1199 3284 et
1221 3221 1374 3284 intermit-

236 3321 304 3384 tere
315 3317 384 3404 (11)
395 3322 516 3401 septem
536 3324 753 3402 paternoster
775 3325 876 3406 prima
903 3324 1043 3405 predicta
1055 3323 1135 3407 (12).
1171 3325 1255 3387 Jtem
1283 3324 1374 3387 bento

235 3423 346 3506 virgini
367 3442 436 3488 cum
457 3424 558 3506 primo
580 3430 711 3507 surgrmt
724 3426 793 3511 (13)
805 3429 908 3493 dicant
930 3446 1026 3492 unum
1047 3446 1104 3493 ave
1125 3427 1234 3506 Maria,
1258 3425 1374 3507 utipsa

234 3528 276 3593 sit
295 3529 445 3594 bonorum
467 3530 506 3595 ab
527 3530 602 3612 ipsis
618 3548 654 3596 ea
664 3531 734 3616 (14)
743 3534 792 3597 die
806 3531 957 3595 factorum
970 3532 1192 3612 presentatrix3
1215 3531 1289 3594 etin
1301 3548 1371 3595 sero

234 3650 330 3698 unrrm
350 3639 422 3717 post
443 3653 549 3700 omnes
572 3637 738 3718 oraciones,
760 3636 901 3702 videlicet
922 3653 991 3699 cum
1005 3634 1371 3720 sunt(15')inprooinctu

300 3821 334 3891 (1)
357 3827 440 3887 Ldiu
461 3862 505 3872 -
528 3825 562 3894 (2)
585 3830 719 3891 EFGHL
731 3832 874 3907 sapiencie
897 3837 992 3889 eterne
1027 3829 1153 3890 Jdivino
1167 3833 1309 3907 sapiencie
1326 3865 1370 3875 —

234 3906 270 3976 (3)
291 3912 392 3974 BGJP
402 3919 516 3976 occasio
539 3924 583 3977 est
604 3917 757 3976 multorum
800 3918 886 3977 Dest
906 3920 1019 3977 occasio
1034 3919 1186 3978 multorum
1203 3953 1247 3962 -
1267 3913 1302 3982 (4)
1326 3918 1370 3978 OJ

233 4006 345 4060 senece
373 4034 417 4045 —
439 3998 473 4066 (⁵)
495 4003 549 4063 FH
559 4005 697 4079 principio
743 4004 789 4062 GP
801 4008 830 4063 in
851 4007 987 4081 principio
1008 4038 1053 4049 -
1074 4001 1108 4068 (6)
1131 4010 1175 4066 lta
1196 4006 1301 4067 EFHL
1326 4038 1370 4051 -

233 4082 268 4150 (7)
290 4086 389 4147 DMei
410 4120 454 4133 -
476 4084 510 4153 (8)
533 4090 578 4148 dei
601 4108 648 4148 om
671 4090 774 4149 ODLP
795 4126 840 4134 —
861 4087 895 4156 (9)
917 4091 968 4152 DJ
990 4093 1052 4151 add
1067 4092 1160 4151 Amen
1176 4126 1220 4137 —
1242 4087 1293 4158 (1⁰)
1313 4092 1370 4153 ΕΗ
1409 4082 1411 4087 ’

232 4174 383 4235 oculto-
402 4171 455 4239 (11)
477 4176 699 4237 Fintromittere
713 4210 757 4220 —
779 4173 829 4242 (12)
844 4179 970 4255 Eprimo
988 4179 1116 4255 predicta
1150 4179 1278 4255 Gprimo
1293 4180 1369 4241 dicto

232 4259 363 4336 Aprima
386 4262 461 4323 dieto
499 4263 686 4339 Bprimaque
709 4263 785 4323 dicta
816 4265 1057 4341 FJMPpredieta
1077 4299 1121 4309 —
1142 4260 1194 4330 (13)
1217 4265 1370 4343 Csurgant

232 4343 351 4491 b-(Ml
371 4349 527 4427 Leadem3
549 4368 619 4410 mco
636 4351 864 4411 Flaciondorum
891 4385 936 4395 —
956 4348 1007 4417 (15)
1030 4352 1145 4413 CPsint
1187 4353 1275 4430 Dsit3
1298 4371 1368 4414 mos

273 4435 419 4511 precinctu
