3232 5130
1317 340 1378 401 147

232 477 333 539 mater
352 473 490 554 piissima
510 477 615 536 mente
635 471 799 536 lacrimosa
821 473 883 535 iarn
905 473 1042 552 positus,
1065 478 1096 538 tc
1119 473 1246 539 obsecro
1268 477 1300 538 et
1321 473 1376 539 ad·

233 577 355 643 iuroin
377 577 517 655 domino,
546 580 582 639 ut
602 575 695 639 michi
716 580 805 639 tuum
826 575 1024 640 karissimum
1047 575 1244 655 thesaurum,
1271 578 1376 658 regem

234 686 267 745 et
288 681 445 746 domiuum
466 698 579 758 meum,
600 699 658 760 pro
680 698 729 744 me
750 698 879 762 passum
902 685 934 743 et
950 684 1116 758 mortuum,
1137 681 1195 744 sub
1208 678 1380 744 hacforma

235 804 296 866 qua
316 785 418 865 ipsum
438 784 502 846 iam
522 783 554 846 in
575 783 692 864 gremio
714 788 769 847 tuo
799 784 855 848 sub
885 783 983 847 crucis
1014 782 1098 864 ligno
1126 782 1380 867 pallidum(1)et

233 888 330 952 livore
350 887 476 968 plenum
497 887 709 952 meditacionis
731 887 819 952 oculo
842 888 973 965 intueor,
996 888 1135 968 prebeas,
1155 892 1191 950 ut
1206 887 1266 951 hoc
1278 888 1380 968 ipsum

157 1045 159 1048 .
235 991 318 1074 quod
340 995 388 1055 est
409 991 617 1074 conpassionis
640 996 672 1055 et
694 985 824 1070 doloris,
849 991 932 1070 quod
954 991 1011 1055 tibi
1033 991 1234 1072 corporaliter
1256 996 1288 1055 et
1307 1009 1379 1072 pre-

235 1094 409 1160 sencialiter
429 1097 504 1158 banc
533 1112 713 1167 concessum
738 1093 797 1158 suit
826 1099 985 1174 tamquam
1014 1094 1123 1173 matri,
1153 1093 1246 1157 michi
1272 1094 1382 1158 saltem

235 1190 488 1280 spiritualiter'et
508 1197 728 1267 memorialiter
749 1202 843 1278 prout
855 1198 991 1278 conpetit
1008 1197 1121 1262 misero
1133 1197 1290 1278 peccatori
1308 1215 1381 1261 con-

236 1303 376 1367 cedatur.
407 1302 457 1365 Da
477 1301 570 1365 michi
591 1302 777 1366 salvatorem
800 1319 911 1372 meum.
945 1299 1045 1364 Prebe
1068 1309 1160 1383 quem
1183 1301 1285 1381 diligo,
1309 1300 1383 1381 qnia

236 1410 399 1488 expectare
411 1405 552 1500 ‘amplius
574 1423 637 1469 non
659 1405 756 1468 valeo.
791 1404 917 1485 Suscipe
940 1423 1021 1471 nunc
1035 1405 1140 1468 anima'
1151 1422 1221 1485 mea
1236 1405 1383 1468 dilectum

237 1512 276 1576 de
297 1510 423 1588 dilecta,
455 1513 486 1572 et
516 1508 691 1572 dileccionis
721 1512 814 1588 atque
844 1507 1054 1588 conpassionis
1079 1505 1334 1573 affectuosissima
1355 1508 1385 1572 ei

235 1614 338 1696 prebe
350 1612 476 1684 indicia,
507 1611 667 1676 odronto
688 1629 756 1692 my,
778 1610 916 1675 salutare
937 1629 1046 1703 meum·
1063 1614 1095 1675 et
1115 1611 1263 1675 liberator
1284 1629 1381 1689 meus

236 1735 323 1781 amor
344 1732 441 1793 meus,
464 1719 497 1778 et
517 1714 665 1795 gloriacio
688 1703 792 1789 anime
810 1731 888 1786 mee,
914 1714 1003 1805 ,Ecce
1024 1733 1107 1778 nunc
1120 1712 1233 1779 affectu
1246 1713 1386 1779 fervidis·

236 1822 323 1908 simo,
345 1822 431 1884 totus
453 1819 498 1882 ab
514 1818 654 1882 omnibus
677 1818 869 1896 abstractus,
893 1818 1033 1882 omnibus
1054 1818 1170 1884 viribus
1187 1804 1294 1882 anime
1316 1835 1386 1882 mee

237 1924 328 1989 simul
349 1924 382 1991 in
403 1941 500 1996 unum
522 1921 673 1998 collectis.
690 1920 731 1984 ad
752 1926 784 1983 te
806 1923 978 1999 convertor,
1002 1925 1034 1984 te
1056 1925 1176 1986 attente
1201 1921 1325 1985 intueor
1338 1920 1386 2003 (2)

238 2027 413 2093 cumomni
434 2019 509 2090 nisu
525 2029 557 2088 et
579 2023 747 2102 conamine,
771 2027 921 2104 quantum
942 2031 1090 2104 umquam
1101 2025 1251 2105 possibile
1264 2023 1323 2087 fuit
1340 2025 1386 2089 di·

237 2132 352 2194 lectum
375 2147 393 2191 a
416 2128 526 2191 dilecto
550 2143 698 2190 amorosa
713 2127 905 2206 prospectari
917 2125 975 2208 (3).
1002 2127 1059 2189 En
1074 2126 1185 2191 dilecte
1199 2145 1264 2208 ΠΨ,-
1284 2127 1386 2210 cordis

239 2233 300 2296 mei
321 2231 488 2294 triclinium
510 2228 566 2292 tibi
587 2228 645 2292 soli
666 2231 833 2306 servatum,
857 2232 888 2291 et
900 2227 948 2310 (4)
959 2228 1031 2292 huic
1045 2229 1161 2293 mundo
1175 2229 1324 2308 clarmum,
1347 2230 1388 2306 ad

159 2325 163 2344 '
191 2317 193 2321 ’
239 2336 320 2399 hanc
340 2352 447 2398 vocem
467 2336 633 2409 reseratur,
656 2335 689 2394 te
711 2330 867 2410 suscipere
889 2331 1015 2411 cupiens
1037 2351 1094 2413 per
1107 2332 1260 2413 illapsum.
1295 2332 1386 2398 Sinus

240 2438 377 2504 omnium
399 2435 621 2501 desideriorum
642 2451 782 2497 meorum
805 2434 849 2498 sic
877 2433 939 2496 iam
969 2451 1003 2514 se
1025 2435 1066 2498 ad
1085 2440 1118 2498 te
1141 2427 1386 2516 expandensdi·

238 2535 364 2620 latetur,
387 2539 482 2605 veluti
505 2556 574 2602 cum
596 2554 669 2601 rosa
690 2537 731 2626 ad
751 2536 824 2616 gelu
838 2537 936 2602 noctis
955 2538 1068 2617 clausa,
1089 2539 1129 2602 ad
1143 2539 1216 2625 solis
1230 2541 1388 2609 radiosum

238 2646 434 2728 splendorem
455 2660 489 2708 se
511 2641 632 2723 aperire
653 2639 788 2706 festinat.
826 2629 939 2705 Anima
967 2659 1038 2705 mea
1063 2642 1308 2725 tota(,5)amore
1337 2654 1390 2709 'ca-
1453 2655 1456 2660 ’

238 2751 314 2829 lens,
336 2747 463 2814 brachia
484 2746 707 2811 desideriorum
729 2763 856 2809 suorum
879 2745 1252 2828 amplissime'expandit‚
1275 2753 1307 2812 et
1329 2750 1385 2814 tibi
1408 2765 1410 2770 ·

238 2858 398 2934 gratanter
420 2850 553 2916 accurrit
565 2849 631 2932 (6),
662 2867 699 2912 ac
727 2849 809 2912 inter
839 2849 983 2914 cadentes
1008 2849 1151 2915 lacrimas
1172 2850 1205 2915 in
1227 2852 1386 2933 amplexus

238 2958 302 3022 ruit
322 2955 508 3037 spirituales.
541 2954 610 3034 Eya
631 2956 699 3016 tota
720 2952 803 3016 salus
818 2958 912 3016 mea:
936 2956 967 3017 et
980 2953 1024 3040 sie
1037 2954 1093 3017 tali
1105 2953 1204 3035 ignito
1219 2955 1385 3043 vehemen-

235 3065 288 3125 ter
309 3059 475 3136 desiderio,
505 3055 617 3126 affectu
645 3055 847 3120 fervidissimo
870 3059 902 3120 te
923 3075 1006 3122 nunc
1026 3057 1255 3169 mterbrmhia
1272 3061 1384 3126 anime

239 3181 308 3226 mee
329 3161 476 3242 suscipio,
506 3164 539 3223 te
561 3159 737 3240 conplector
749 3159 815 3242 (7),
845 3160 902 3226 tibi
922 3161 1028 3239 unior,
1060 3180 1130 3227 cum
1154 3166 1330 3230 reverencia
1351 3169 1384 3231 et

239 3267 331 3332 laude
353 3270 385 3329 et
405 3265 579 3346 graciarum
601 3264 741 3328 accione:
766 3263 810 3326 Te
833 3264 996 3328 obsecrans
1013 3283 1070 3344 per
1083 3269 1139 3329 tna
1150 3266 1198 3348 (8)
1210 3268 1383 3358 misericor*

241 3371 291 3436 die
311 3371 438 3448 viscera,
461 3372 497 3433 ut
518 3367 598 3431 hanc
619 3372 751 3453 mortem
772 3367 944 3448 preciosam
964 3365 1107 3432 bustrari
1128 3369 1161 3434 in
1175 3388 1299 3436 menon
1313 3391 1384 3453 per-

240 3474 362 3551 mittas,
391 3472 447 3536 sed
468 3488 518 3535 me
540 3488 622 3534 nunc
644 3471 684 3535 ad
705 3470 843 3550 graciam
864 3461 1023 3550 receptum
1044 3471 1100 3535 tibi
1121 3472 1210 3536 unias
1231 3476 1296 3536 tam
1318 3473 1383 3539 effi-

240 3576 363 3654 caciter,
384 3579 421 3637 ut
441 3591 542 3656 neque
553 3574 602 3657 (9)
612 3566 763 3655 prospera
783 3590 842 3637 nec
862 3572 993 3638 adversa
1013 3591 1064 3636 me
1078 3591 1098 3636 a
1110 3577 1143 3637 te
1157 3572 1382 3659 umquam(10)
1425 3661 1432 3665 Π

239 3680 364 3744 valeant
384 3696 538 3758 separare.
570 3679 651 3742 Ecce
673 3678 753 3742 oculi
773 3677 835 3741 mei
855 3675 1004 3757 pallidam
1025 3674 1134 3739 faciem
1156 3672 1243 3741 tuam
1264 3664 1381 3746 fiscin-

240 3787 383 3861 tuentur;
406 3785 474 3846 tota
494 3781 598 3845 anima
617 3799 688 3845 mea
710 3797 815 3844 amore
836 3783 893 3845 tuo·
920 3780 1072 3859 resoluta,
1101 3780 1230 3846 vulnera
1256 3786 1384 3865 sangui-

240 3905 279 3952 ne
291 3886 304 3968 (
309 3886 362 3969 ll)
373 3889 534 3949 cruentata
541 3885 676 3950 crebrius
690 3885 913 3966 perosculatur,
932 3901 1100 3966 omnesque
1114 3885 1194 3950 vires
1209 3886 1382 3969 et(12)po·

239 3991 339 4064 tencie
360 4007 429 4054 mee
450 3987 552 4053 lructu
572 3987 723 4069 passionis
744 3987 834 4077 huius
855 3988 1017 4072 lacrimose
1029 3992 1208 4070 pascuntur.
1237 3989 1300 4055 Sub
1313 4009 1381 4056 um-

253 4162 256 4164 *
305 4127 340 4195 (1)
362 4124 632 4205 usandum-(2)
645 4112 836 4204 cartutule
858 4122 1405 4199 moaacnevsu--btncnsnr'

240 4219 416 4292 perspecturi
435 4248 480 4258 -
501 4211 536 4279 (4)
559 4220 588 4272 et
610 4215 734 4275 om·BD
756 4247 800 4264 -
821 4210 856 4279 (5)
879 4215 1001 4275 spada
1020 4218 1103 4274 in-
1122 4210 1157 4280 (6)
1179 4215 1382 4286 DEFMPoc-

242 4298 427 4366 currit-(7)
448 4301 476 4359 D
488 4297 744 4387 amplector—(⁸)
765 4295 1134 4376 ADMtuo.-(⁹)1tn'eo;
1156 4319 1227 4361 mox
1248 4286 1386 4367 BnrJM‘

241 4405 335 4464 neque
356 4421 400 4431 -
420 4383 472 4452 (10)
494 4388 688 4464 Lnumquam
709 4421 754 4430 -
775 4384 826 4454 (11)
849 4386 1014 4464 Lsagwine
1042 4418 1087 4430 —-
1108 4383 1159 4452 (Ῑῖ)
1183 4393 1212 4446 et
1233 4405 1282 4448 om
1304 4389 1382 4457 ODP
