3232 5130
1335 367 1396 432 125

251 507 497 586 mammutium,
527 503 764 569 amaritudinem
794 502 946 568 dominice
974 502 1127 586 passionis
1149 501 1350 587 significans(
1372 502 1396 586 ).

250 608 294 680 Et
313 612 394 677 hano
414 615 451 674 ut
472 609 518 674 ais
539 607 693 687 meditari,
717 607 781 673 dixi
801 606 1000 689 sapiendam.
1032 607 1074 672 dn
1096 605 1155 672 hiis
1173 607 1291 672 imticio
1304 607 1398 677 michi

250 715 473 801 perieccionem
496 711 649 778 constitui.
682 712 724 777 Jn
755 710 823 781 hiis
843 710 1068 793 plenitudinem
1096 710 1236 775 sciencie.
1269 711 1310 776 dn
1338 710 1397 777 hiis

251 820 376 887 diucius
397 819 516 886 salutis.
549 817 591 882 Jn
612 816 671 881 hiis
693 817 815 898 copiam
843 816 1034 880 meritorum
1077 815 1126 879 ΕΚ
1153 815 1212 880 hiis
1240 815 1397 881 interdum

250 925 344 991 michi
364 928 456 1006 potus
479 921 624 1001 salutaris
641 921 865 985 amaritudinis.
882 919 948 983 ΕΚ
962 918 1022 984 hiis
1035 938 1159 985 rursum
1173 920 1276 987 suavis
1289 920 1397 985 unooio

251 1027 481 1095 consolacionis.
514 1025 582 1100 Hoc
603 1043 661 1091 ma
674 1025 791 1108 erigit(
813 1023 871 1106 )in
892 1023 1040 1104 adversis,
1062 1023 1095 1087 in
1116 1024 1273 1106 prosperis
1295 1023 1398 1106 depri-

250 1133 323 1212 mit3
346 1135 379 1197 et
398 1132 480 1211 inter
500 1131 564 1195 leta
584 1129 749 1210 tristiaque
762 1129 826 1203 vite
841 1127 1004 1210 present‘m,
1026 1128 1078 1219 ria
1090 1128 1177 1209 regia
1192 1128 1395 1207 incedentem,

250 1240 354 1327 tutum
374 1234 485 1319 prebet
498 1233 623 1315 ,ubique
648 1233 811 1312 ducatum,
840 1231 913 1297 hino
941 1231 1013 1297 inde
1041 1232 1125 1296 mala
1152 1231 1336 1296 inminenoia
1348 1231 1396 1315 (3)

249 1338 470 1423 proprdsando.
504 1337 575 1402 Non
596 1318 730 1418 requirox
743 1337 823 1400 sicut
850 1353 965 1417 sponsa
992 1335 1046 1400 ubi
1074 1335 1165 1403 cubet
1191 1336 1223 1399 in
1252 1335 1396 1414 meridie,

251 1461 344 1526 quem
367 1442 537 1524 amplector
558 1458 631 1512 mea
657 1441 750 1514 inter„
767 1440 863 1504 ubera
892 1444 1133 1505 commorantem.
1173 1439 1245 1519 llon
1272 1441 1397 1522 requiro

250 1547 304 1612 nbi
324 1540 576 1633 pas'catur(4)in
598 1543 743 1623 meridie,
774 1541 866 1625 quem
892 1543 1017 1608 intueor
1043 1543 1229 1610 salvatorem
1253 1544 1286 1609 in
1307 1549 1397 1608 oruoe

249 1651 447 1733 pendentem.
480 1649 568 1715 Jllud
590 1647 765 1727 suhdmim,
796 1648 880 1713 istud
902 1649 1026 1713 suavius
1048 1648 1097 1712 vel
1118 1648 1270 1730 paradius.
1296 1642 1396 1713 ‚Panis
1430 1635 1434 1641 ’

249 1754 343 1834 illud,
373 1753 434 1833 lroc
452 1753 510 1818 lac.
544 1751 611 1817 Hoc
632 1750 703 1833 mea
723 1752 849 1817 interim
871 1751 1030 1825 sublimior
1048 1751 1285 1836 phylosophye,
1316 1752 1396 1835 scire

249 1858 380 1942 dhesum
402 1861 435 1922 et
454 1846 537 1921 hunc
558 1854 745 1921 crucifixum.
764 1854 819 1939 (5)
844 1856 914 1933 Heo
931 1856 1059 1938 inquam
1080 1873 1119 1920 ex
1140 1874 1194 1921 ore
1214 1860 1269 1923 tuo
1287 1856 1397 1927 doctor

249 1955 425 2028 venerande
447 1961 651 2026 conmendata
663 1960 712 2044 (6)
724 1960 855 2042 suscepi.
890 1959 1035 2026 Ceterum
1058 1979 1095 2025 ex
1116 1961 1176 2026 hiis
1199 1960 1397 2043 Osapienoia

251 2064 420 2149 eternas)
432 2063 512 2128 hano
533 2062 626 2128 michi
647 2062 934 2151 summam-colligo,
957 2065 1041 2146 quod
1060 2065 1244 2146 quicumque
1257 2070 1397 2149 eternam

251 2170 384 2236 salutem
405 2173 438 2232 et
458 2167 648 2250 premiorum
661 2199 662 2202 ¹
676 2167 921 2248 magnitudinem
947 2166 1269 2248 'desiderathabera
1293 2188 1395 2235 arcem

227 2310 230 2315 ·
252 2291 376 2356 quoque
395 2275 575 2336 amotarum
587 2271 737 2341 virtutum
752 2274 841 2350 optat
851 2269 900 2352 (8)
912 2271 1126 2351 conscendere,
1144 2271 1307 2343 scienciam
1320 2292 1397 2355 quo·

252 2395 313 2459 que
340 2380 434 2458 atque
446 2375 494 2459 (9)
507 2374 706 2458 sapienciam⁸
722 2374 882 2456 optinere,
902 2374 997 2456 <inter
1028 2392 1179 2457 prospera
1206 2379 1239 2440 et
1264 2377 1397 2443 adversa

245 2459 457 2563 ¹equanimiter
479 2483 572 2559 stare,
595 2495 736 2560 securam
755 2478 840 2548 ,viam
859 2478 1026 2559 ambulare,
1050 2483 1083 2543 et
1094 2479 1330 2546 amaritudinem
1343 2485 1397 2551 tue

250 2584 420 2668 passionis,
450 2587 566 2665 tueque
596 2581 817 2648 consolacionis
849 2586 958 2664 potum
991 2582 1205 2648 suavissimum
1241 2584 1403 2653 desiderat

250 2692 449 2772 progustare:
473 2687 565 2753 debet
586 2690 619 2750 tc
639 2685 780 2765 lhesum,
803 2685 934 2751 Jhesum
954 2687 1080 2774 inquam
1095 2685 1272 2752 crucifixum
1283 2687 1398 2770 iugiter

249 2793 283 2858 in
303 2797 429 2875 pectore
446 2810 507 2857 suo
528 2795 665 2873 portare.
701 2776 856 2869 Omonile
870 2791 1043 2872 speciosum
1055 2790 1136 2874 (ld),
1159 2792 1290 2863 electum
1303 2811 1398 2874 super

250 2917 369 2963 aurum
383 2902 415 2962 et
434 2887 570 2980 lapidem
591 2883 775 2978 preciosum,
797 2895 879 2960 inter
900 2913 1014 2977 sponse
1034 2896 1132 2975 ubera
1147 2897 1260 2978 iugiter
1271 2901 1397 2978 gestan-

251 3003 334 3082 dum,
356 3020 415 3067 nec
434 3019 583 3083 umquam
605 2999 750 3065 obliuioni
762 2999 958 3065 tradendum.
992 2999 1170 3083 Numquam
1186 3001 1405 3068 enimiormo.

250 3124 317 3172 sam
338 3104 506 3186 puellulam
518 3103 678 3188 (11).adeo
701 3103 859 3179 decoravit
880 3105 999 3169 monile.
1015 3106 1200 3186 preciosum·
1216 3107 1248 3170 in
1269 3111 1395 3188 pectore

186 3281 189 3285 ¹
250 3213 417 3292 portatum,
441 3212 590 3291 quantum
612 3207 724 3275 Jhesus
747 3206 908 3273 crucifixus
923 3209 1020 3273 menti
1033 3209 1167 3289 inclusus
1181 3215 1329 3292 perornat
1341 3229 1404 3285 oor,

250 3304 406 3379 devotum.
439 3312 526 3381 Mala
546 3330 641 3383 aurea
661 3312 694 3376 in
715 3312 802 3376 lectis
824 3313 980 3392 argenteis
991 3312 1072 3396 (12),
1095 3313 1208 3381 Jhesus
1222 3313 1394 3395 Gristusin
1415 3364 1417 3370 s

251 3417 343 3485 eorde
364 3417 506 3482 amantis.
523 3416 603 3509 *Vas
625 3417 694 3481 auri
715 3416 849 3482 solidum
873 3417 956 3480 omni
976 3416 1079 3498 lapide
1100 3419 1240 3500 precioso
1263 3420 1395 3484 adorna-

250 3526 317 3587 tum
336 3521 421 3606 (13),
456 3525 504 3587 est
538 3526 646 3603 pactus
684 3520 838 3604 fervidum
873 3519 965 3585 huius
1004 3520 1137 3606 nominis
1173 3523 1394 3588 eontentivum.
1431 3598 1433 3602 Α

250 3625 486 3698 SAPIENCIA:
508 3625 667 3709 Frequens
682 3626 833 3709 passionis
847 3624 940 3688 huius
954 3616 1105 3689 memoria
1116 3625 1276 3716 indoctum
1289 3608 1396 3707 quem·

250 3749 310 3813 que
331 3730 434 3796 reddit
455 3730 682 3810 doctissimum,
711 3729 913 3823 etinperitos
936 3746 973 3792 ac
993 3728 1114 3812 ydiotas
1125 3728 1196 3813 (14)
1207 3727 1281 3795 iacit
1300 3730 1395 3812 profi·

316 3920 350 3989 (¹)
372 3924 418 3984 Ε.)
429 3926 544 4000 signans
555 3956 599 3966 -
621 3918 655 3986 (2)
677 3922 821 3999 Jorigunt
842 3930 869 3982 et
884 3922 1112 4001 insequentidus
1124 3904 1395 4000 deprimunt-pre-

249 4012 319 4072 bent
332 4045 376 4055 —
399 4006 432 4075 (3)
454 4011 703 4070 Eerninonoia—
725 4005 759 4074 (4)
783 4009 839 4068 AD
852 4019 962 4086 pascat.
982 3996 1073 4069 Ὁαηι.
1094 4014 1118 4082 1,
1141 4014 1225 4069 6.—-
1246 4000 1279 4075 (5)
1301 4011 1323 4071 J
1334 4013 1396 4081 add

249 4099 306 4159 Hic
328 4099 413 4157 michi
434 4099 463 4155 in
485 4114 534 4156 ore
556 4096 717 4172 frequenter
738 4099 886 4167 siout,ros
907 4099 1004 4175 sollis-r
1035 4092 1088 4157 Jn'
1104 4108 1152 4156 ore
1179 4115 1292 4173 sempor
1318 4100 1395 4158 siout

250 4187 321 4246 dens
343 4187 397 4245 soit
424 4217 469 4227 -
491 4179 525 4248 (6)
548 4183 602 4242 DF
614 4183 831 4247 conmendanda
857 4201 902 4226 -ι
924 4180 959 4255 (7,)
981 4179 1228 4243 ADEdMoterna
1248 4187 1395 4260 sapiencia

248 4307 293 4316 -
314 4267 571 4347 iticinopat—
592 4265 626 4334 (9)
649 4269 703 4328 DL
715 4278 798 4331 ot-
812 4265 863 4335 (10)
886 4270 940 4331 ΒΡ
952 4273 1167 4346 preciosum—
1182 4265 1233 4335 (¹¹)
1255 4271 1392 4333 ABDJM

248 4359 374 4436 puellam
395 4391 440 4402 -
461 4354 513 4422 (Ῑῖ)
536 4358 628 4416 Pron.
649 4359 698 4430 25,
719 4361 815 4416 11.-
837 4351 888 4421 (13)
911 4357 1000 4416 Ecoli'.
1021 4361 1072 4432 50,
1094 4361 1142 4418 10.
1164 4357 1238 4421 Mos
1259 4359 1393 4422 oadmz

249 4449 336 4506 cosm
357 4453 387 4506 et
411 4478 455 4488 —
476 4440 528 4508 (¹4)
552 4443 727 4521 Lydyotas·
754 4443 826 4505 ΒΕ(
836 4443 959 4520 ydootas
1012 4460 1015 4470 ·
