3232 5130
1338 387 1378 450 13

234 527 330 595 aionis
350 543 441 590 usum
462 522 504 591 ad
524 525 612 588 tante
632 508 814 587 memoriam
834 521 986 603 passionis
1013 521 1257 604 mollescere(1)‚
1280 526 1312 586 et
1333 521 1379 587 di-

234 649 341 698 versas
363 648 400 695 eo
421 628 515 694 modo
536 630 630 709 prout
650 627 683 690 in
711 626 909 707 sequentibus
942 625 1105 708 apparebit
1136 626 1378 692 illuminaciones

234 735 359 800 habere.
391 733 474 797 Dum
495 735 600 797 autem
621 730 762 812 predicta
782 734 876 812 prout
898 729 1025 795 edoctus
1047 728 1148 794 fuerat
1176 730 1312 795 scribere
1332 731 1379 794 in·

236 834 446 920 curassem),
458 840 490 900 et
512 834 715 900 examinatrix
735 834 886 898 bonorum
899 832 948 917 (3)
960 833 1130 898 adversitas
1152 851 1223 897 eum
1241 851 1261 896 a
1283 835 1379 916 ceptis

234 938 394 1005 retrahere
407 942 583 1021 temptaret,
603 936 721 1003 Oristus
736 938 764 1001 ei
786 937 819 1000 in
833 937 950 1002 visione
963 937 1063 1001 astitit
1076 937 1109 1000 in
1124 955 1161 1002 ea
1171 935 1279 1018 forma,
1292 938 1381 1020 quasi

235 1045 297 1109 iam
325 1041 365 1106 de
386 1043 550 1124 columpna
564 1041 613 1124 (4)
636 1041 668 1105 in
691 1058 752 1122 qua
772 1039 945 1121 flagellatus
966 1039 1025 1104 tuit
1047 1040 1247 1121 descendens,
1270 1046 1302 1105 et
1323 1059 1381 1106 sua

235 1146 364 1212 vulnera
376 1146 516 1210 recencia
532 1163 570 1210 ac
581 1149 742 1210 cruentata
756 1162 827 1209 eum
844 1149 1036 1208 contrectare
1056 1144 1248 1225 permittens,
1271 1144 1380 1210 adver·

236 1250 336 1316 sitatis
346 1249 442 1331 ipsius
454 1249 583 1314 vulnera
592 1249 722 1327 sanavit,
747 1251 778 1311 et
789 1248 829 1311 ad
839 1246 1060 1330 perficiendum
1070 1248 1214 1313 inchoata
1224 1249 1379 1314 animavit

301 1352 481 1417 Notandum
503 1369 625 1434 quoque
648 1351 730 1433 quod
754 1351 901 1431 originale
923 1351 1014 1416 huius
1033 1352 1134 1433 operis
1149 1353 1240 1417 certis
1261 1357 1381 1435 tempo·

236 1456 321 1521 ribus
343 1461 375 1521 et
395 1475 458 1521 non
479 1456 538 1520 nisi
559 1457 591 1519 in
613 1456 773 1538 presencia
805 1472 916 1536 magne
948 1455 1051 1536 gracie
1084 1456 1291 1538 conscriptum
1312 1457 1379 1522 fuit.

238 1560 309 1625 Non
331 1560 412 1623 enim
429 1558 587 1641 predictus
603 1559 780 1641 discipulus,
803 1559 926 1623 nomine
949 1561 980 1622 et
1001 1577 1134 1640 persona
1153 1559 1186 1622 in
1207 1559 1266 1625 hoc
1288 1580 1381 1643 opere

237 1663 361 1743 ignotus
370 1660 427 1744 (5),
448 1661 610 1726 videbatur
626 1661 740 1725 ibidem
752 1661 866 1725 habere
878 1661 1005 1726 modum
1019 1662 1138 1743 agentis
1155 1663 1204 1727 vel
1227 1663 1380 1746 dictantis,

237 1765 293 1831 sed
306 1765 433 1830 modum
448 1763 603 1846 quendam
622 1763 725 1828 divina
741 1766 899 1847 pacientis.
930 1765 1012 1830 Nam
1030 1784 1099 1830 cum
1116 1767 1239 1832 omnino
1249 1770 1383 1834 nesciret

239 1868 313 1952 quid
335 1869 467 1934 scribere
489 1867 616 1932 deberet
628 1868 686 1950 (6),
708 1886 766 1951 per
786 1869 992 1935 revelationes
1014 1870 1189 1951 spirituales
1211 1871 1327 1952 habuit,
1350 1879 1382 1939 et

239 1971 362 2055 quando
376 1972 509 2037 scribere
531 1970 647 2051 debuit,
671 1976 703 2036 et
723 1990 803 2054 pene
825 1973 961 2054 singulas
982 1974 1129 2039 materias
1151 1993 1228 2056 quas
1250 1977 1381 2058 scripsit.

239 2078 337 2143 Porro
359 2081 447 2141 entra
466 2076 526 2140 hoc
546 2079 669 2157 tempus
691 2076 717 2140 si
740 2075 813 2157 quid
829 2077 916 2158 quasi
931 2096 968 2141 ex
983 2095 1017 2142 se
1031 2078 1173 2158 dictasse,
1196 2080 1245 2144 vel
1258 2082 1383 2147 aliunde

240 2180 417 2262 collegisse,
440 2184 496 2244 aut
516 2179 613 2244 eciam
635 2179 822 2260 excerpsisse
831 2179 879 2263 (7)
902 2180 1049 2245 voluisset
1071 2185 1103 2245 et
1119 2182 1264 2264 predictis
1286 2202 1383 2267 appo·

240 2285 351 2352 suisse:
373 2287 439 2347 tam
460 2281 627 2364 insipidum
647 2280 836 2345 reddebatur
858 2286 890 2345 et
910 2283 1050 2364 ineptum
1071 2280 1185 2363 fiebat,
1209 2289 1245 2348 ut
1265 2287 1292 2351 si
1314 2289 1383 2369 quis

241 2406 368 2470 sapores
390 2390 445 2450 aut
467 2386 583 2451 colores
607 2385 776 2449 contrarios
794 2385 830 2448 in
848 2404 944 2449 unrun
956 2387 1139 2468 compingere
1149 2388 1310 2454 niteretur.
1341 2391 1384 2456 Et

243 2511 311 2558 cum
333 2510 370 2556 ea
392 2508 452 2572 que
474 2489 548 2554 data
571 2494 659 2554 erant
673 2488 714 2552 ad
736 2488 874 2552 tabulam
896 2489 1100 2570 concepisset,
1124 2491 1164 2555 ad
1187 2510 1220 2557 se
1242 2512 1384 2562 reversus

242 2596 379 2663 studiose
400 2595 530 2658 rimmus
552 2596 608 2672 est,
632 2597 668 2656 ut
689 2591 782 2657 nichil
803 2593 835 2656 in
857 2592 916 2658 hiis
939 2597 1020 2658 esset
1042 2594 1124 2676 quod
1147 2613 1167 2659 a
1189 2595 1278 2663 dictis
1297 2617 1385 2665 sanc·

241 2705 345 2766 torum
355 2702 480 2781 patrum
491 2697 689 2779 discreparet,
712 2696 768 2762 sed
789 2697 849 2762 hoc
871 2697 953 2780 quod
976 2697 1079 2762 divina
1098 2699 1243 2764 tradente
1264 2704 1385 2786 sapien·

243 2803 345 2888 ciam)
368 2802 426 2868 sibi
446 2821 504 2885 per
524 2801 715 2884 spiritualem
736 2801 976 2867 illustracionem
996 2801 1214 2879 infundebatur
1222 2805 1287 2890 (9),
1313 2826 1386 2874 auc·

242 2909 369 2974 toritate
382 2924 469 2972 sacre
490 2907 641 2988 scripture
662 2905 808 2970 divinitus
829 2906 942 2971 sanctis
964 2907 1112 2988 inspirato
1124 2908 1194 2991 (10)
1216 2909 1385 2995 humetur,

245 3030 314 3076 erun
328 3010 411 3075 idem
423 3011 456 3073 in
470 3028 571 3089 sensu,
594 3014 649 3074 aut
663 3009 760 3073 eciam
774 3009 857 3073 idem
878 3009 910 3072 in
931 3009 1032 3074 verbis
1055 3016 1086 3075 et
1107 3029 1209 3093 sensu,
1232 3015 1281 3079 vel
1303 3022 1386 3083 certe

244 3113 342 3179 simile
354 3113 542 3196 reperiretur
557 3132 632 3178 esse.
662 3111 738 3177 Post
752 3113 927 3195 conpletum
937 3132 1011 3177 vero
1021 3114 1112 3181 huius
1127 3118 1227 3199 operis
1237 3118 1385 3204 laborem,

246 3216 320 3280 dum
340 3217 451 3281 timore
473 3217 606 3299 quodam
628 3216 762 3281 humano
784 3221 952 3296 teneretur,
978 3236 1018 3282 ne
1040 3219 1078 3283 ab
1101 3222 1209 3287 emulis
1231 3224 1284 3304 qui
1304 3244 1387 3291 nunc

246 3337 367 3402 quoque
388 3320 467 3384 sicut
489 3319 570 3404 olym
583 3320 698 3385 invidia
709 3321 895 3399 stimudante‚
918 3320 999 3386 facta
1011 3341 1130 3405 queque
1140 3325 1212 3390 licet
1223 3327 1293 3409 (ll)
1305 3329 1387 3394 bona

246 3423 416 3505 depravare
437 3427 491 3487 aut
511 3424 634 3506 penitus
656 3423 965 3507 emmerammum
988 3425 1150 3506 desistunt,
1174 3428 1387 3497 divinakaris-

245 3530 330 3590 mata
351 3526 540 3609 appellantes
561 3528 779 3611 supersticiosa
799 3527 960 3609 figmenta,
984 3533 1016 3593 et
1038 3535 1160 3596 sanctas
1181 3533 1386 3600 revelaciones

244 3628 424 3696 fantasticas
445 3630 652 3714 decepciones‚
675 3637 913 3713 sanctorumque
935 3635 1024 3712 gesta
1044 3638 1169 3715 patrum
1192 3653 1259 3701 esse
1282 3636 1388 3703 dicunt

245 3735 453 3801 narratorium
473 3732 665 3815 fabulosum,
687 3741 846 3818 tamquam
867 3734 1006 3800 homines
1029 3736 1081 3818 qui
1102 3756 1164 3802 non
1185 3744 1388 3820 gustaverunt

312 3907 548 3974 (¹)Cmolescere
580 3911 791 3972 Femolescera
830 3912 1109 3974 Demollescere—
1131 3911 1165 3979 (2)
1177 3917 1231 3976 DF
1241 3919 1389 3980 inchoaret

246 4030 291 4040 —
314 3993 347 4062 (3)
369 3997 389 4057 J
406 3999 468 4056 add
478 3997 587 4058 scilicet
606 4031 651 4040 -
673 3994 707 4062 (4)
730 3999 753 4056 E
769 3998 986 4076 collumpna-
1008 3997 1041 4064 (5)
1057 4001 1087 4060 Η
1101 4005 1291 4080 ingnotus—
1309 4001 1344 4072 (6)
1359 4009 1387 4066 D

247 4083 316 4158 quid
338 4085 475 4143 scriberet
507 4082 554 4143 cl>
570 4083 637 4158 quid
660 4086 795 4145 scriberet
816 4086 862 4146 vel
885 4088 1008 4147 scribere
1031 4089 1202 4149 deberet—
1217 4086 1251 4156 (7)
1265 4092 1312 4154 DJ
1335 4113 1388 4155 ex·

248 4174 371 4246 cerpisse
405 4170 432 4230 G
447 4173 588 4246 exerpisse
598 4204 643 4213 -
654 4167 687 4235 (8)
705 4171 780 4230 CJM
793 4173 889 4232 divina
900 4177 1045 4250 sapiencia
1059 4177 1188 4237 tradente
1218 4181 1243 4238 B
1259 4182 1388 4242 tradente

248 4255 344 4316 divina
365 4261 510 4333 sapiencia
529 4291 573 4300 —
595 4253 629 4321 (9)
653 4258 700 4316 GP
715 4259 907 4319 infunderetur
928 4294 972 4303 —
1005 4257 1055 4326 (¹⁰)
1078 4264 1208 4323 BDGJP
1223 4270 1387 4343 inspirante.

250 4344 325 4488 Ίξνῖτ.
340 4344 383 4417 ΙΙ,
404 4347 434 4418 3,
455 4347 500 4404 16.
521 4377 566 4388 -
579 4340 631 4409 (ll)
652 4344 698 4404 Β]
712 4346 790 4406 iacta
810 4346 937 4422 quelibet
957 4380 1002 4390 -
1016 4344 1067 4412 (12)
1081 4348 1115 4408 M
1129 4352 1256 4413 anullare
1286 4355 1308 4416 J
1324 4360 1388 4416 ani·

248 4446 264 4489 c
286 4448 354 4490 rare
