3232 5130
1339 372 1380 434 2⁷

232 514 268 576 ut
288 527 346 575 sua
367 507 563 574 deformitate
575 506 621 589 (l)
635 509 667 569 te
688 503 864 570 formosum·
878 503 1009 585 faceret,
1044 523 1099 570 suo
1120 505 1217 570 livore
1237 509 1270 569 te
1290 524 1381 571 sann-

232 619 295 694 ret,
312 613 360 697 (2)
375 631 433 679 sua
453 615 554 677 morte
575 609 742 692 perhennis
770 610 833 674 vite
854 609 911 674 tibi
938 609 1193 674 inmortalitatem
1220 610 1379 674 tribueret.

232 719 283 784 Sic
303 717 398 799 igitur
408 716 457 800 (3)
469 715 614 780 dilectum
636 714 750 778 amoris
772 712 861 778 oculo
890 713 1081 794 respiciendo
1110 712 1227 778 videbis
1255 712 1381 794 plenum

233 821 362 887 oarimte
390 824 422 885 et
450 819 633 896 dilectione,
668 816 721 897 qui
748 834 812 881 non
841 816 940 880 solum
969 815 1070 880 verbis
1104 815 1219 881 amavit
1250 821 1286 880 ut
1318 835 1382 882 non

232 925 315 990 nulle
338 925 524 1002 ddeetrices,
558 921 615 987 sed
637 924 669 984 et
690 919 779 984 factis
801 937 841 984 se·
858 920 985 1000 diligere
1007 921 1223 1003 conprobavit,
1255 922 1328 1002 quia
1348 920 1381 984 in

232 1033 333 1095 morte
351 1032 387 1099 ,et
407 1044 505 1108 usque
527 1025 568 1089 ad
590 1023 859 1089 mortem-dilexit.
894 1023 944 1088 Sic
965 1024 1061 1105 igitur
1081 1027 1180 1104 patet,
1204 1024 1381 1105 quodexte-

233 1133 323 1198 1ioris
336 1130 384 1214 (4)
395 1130 527 1194 hominis
552 1127 706 1192 forma'et
729 1127 891 1207 disposicio
914 1145 1008 1208 quam
1030 1145 1068 1191 ex
1089 1126 1243 1208 passionis
1265 1126 1382 1191 acerbi-

232 1240 298 1300 tate
320 1234 488 1324 contraxit,
519 1230 618 1311 magis
641 1234 689 1294 θεῖ
711 1230 824 1294 amoris
847 1231 1038 1311 expressiva,
1063 1248 1156 1311 quam
1178 1228 1382 1319 deformitatis

232 1338 407 1405 indicativa.
444 1336 511 1400 Nee
532 1335 650 1413 obstat,
680 1333 707 1398 si
738 1333 797 1398 hoo
825 1334 853 1397 ei
876 1336 928 1415 qui
949 1353 1013 1399 non
1035 1339 1119 1398 amat
1140 1353 1203 1399 non
1223 1333 1381 1412 videatur;

234 1443 307 1525 quia
328 1441 424 1506 oculis
448 1438 528 1519 egris
551 1438 658 1502 odiosa
680 1442 727 1502 est
748 1437 801 1501 lux
823 1456 883 1519 que
904 1439 990 1520 puris
1013 1443 1061 1503 θεῖ
1075 1438 1223 1503 amabilis.
1258 1435 1382 1502 DISCI-

233 1545 387 1611 PULUS:
417 1543 499 1608 Vere
521 1545 553 1606 et
573 1540 784 1629 indubitanter
805 1542 849 1606 sie
883 1545 947 1620 est;
977 1547 1010 1606 et
1036 1543 1120 1607 beati
1148 1542 1229 1607 oculi
1258 1542 1310 1623 qui
1338 1541 1383 1606 sie

233 1650 355 1728 vident,
387 1648 460 1729 quia
481 1647 541 1711 hoc
561 1664 624 1709 non
647 1648 695 1709 θεῖ
717 1644 872 1724 omnium,
895 1645 952 1710 sed
972 1664 1142 1727 paucorum
1162 1645 1245 1710 idest
1265 1644 1382 1710 fervide

229 1753 416 1818 'amancium
455 1750 563 1814 Fallax
584 1748 723 1830 proinde·
735 1749 840 1830 gracia
861 1754 893 1814 et
914 1767 995 1814 vana
1017 1753 1064 1815 θεῖ
1085 1749 1296 1831 pulchritudo,
1324 1766 1383 1814 nee

234 1856 377 1920 inmerito
399 1854 513 1919 stultus
535 1852 730 1935 reputabitur
753 1852 805 1933 qui
827 1853 995 1918 seeundum
1016 1852 1126 1916 faciem
1148 1857 1180 1917 et
1196 1871 1260 1917 non
1273 1871 1383 1918 seeun-

237 1959 310 2023 dum
330 1959 494 2023 veritatem
516 1960 611 2020 amat.
645 1955 726 2020 Nam
750 1957 822 2037 quia
843 1956 955 2022 falsum
976 1976 1034 2039 pro
1056 1975 1130 2022 vero
1159 1957 1282 2040 recipit,
1311 1957 1382 2022 ideo

236 2062 337 2126 fructu
351 2067 457 2144 optato
475 2061 600 2124 carebit.
635 2059 869 2125 SAPIENOIA:
893 2061 942 2125 Ad
955 2062 1123 2126 redivivam
1135 2060 1230 2142 igitur
1242 2060 1290 2144 (5)
1301 2078 1383 2125 sem-

237 2182 293 2246 per
312 2169 365 2230 tue
386 2166 483 2257 menti
504 2165 659 2229 salubrem
681 2165 833 2246 passionis
855 2183 924 2229 mee
944 2165 1168 2247 inprimendam
1190 2165 1381 2244 memoriam,

239 2268 412 2349 amorisque
431 2270 493 2333 mei
522 2272 623 2332 artem
652 2272 752 2349 atque.
774 2269 936 2332 materiam
965 2268 1145 2350 ampliorem
1172 2267 1380 2351 prebendam,

239 2370 443 2436 devotissimis
464 2373 588 2438 auribus
610 2371 673 2436 tuis
695 2373 826 2453 quedam
849 2371 888 2437 de
910 2389 947 2436 ea
959 2371 1007 2455 (6)
1018 2373 1161 2475 passione
1182 2373 1317 2438 breviter
1332 2391 1383 2438 re·

237 2475 370 2557 plicabo.

588 2630 1029 2681 -ωοωθωωμ-

193 2826 203 2848 .
259 2787 307 2852 Ι)θ
329 2788 513 2870 quibusdam
529 2786 621 2852 Gristi
637 2788 844 2869 passionibus,
867 2792 899 2853 et
921 2789 1053 2871 qualiter
1073 2775 1164 2854 verus
1186 2793 1361 2855 amatorse

353 2892 468 2957 eisdem
492 2891 583 2956 debet
605 2891 805 2972 conformare,
829 2897 860 2957 et
882 2911 978 2975 quare
1000 2894 1075 2958 deus
1096 2912 1153 2974 per
1174 2894 1268 2958 talem

436 2999 570 3060 mortem
590 2995 689 3060 voluit
710 3014 808 3077 genus
830 2997 999 3062 humanum
1021 2998 1182 3063 redimere.

640 3151 830 3235 Capittulum
851 3154 990 3219 tercium.

304 3285 386 3352 Ante
408 3289 490 3354 diem
510 3290 624 3357 festum
652 3293 765 3375 pasche
778 3292 843 3376 (7),
872 3294 904 3357 ul
919 3294 981 3357 ima
1011 3311 1087 3357 cena
1114 3294 1176 3357 iam
1203 3292 1285 3358 facta
1314 3311 1384 3373 eum

242 3390 408 3472 discipulis
430 3393 566 3461 instante
587 3401 727 3480 tempore
748 3397 897 3462 transitus
918 3397 980 3460 mei
1002 3415 1039 3460 ex
1060 3397 1119 3461 hoe
1141 3397 1254 3460 mundo
1278 3397 1385 3477 adpa-
1448 3466 1452 3473 ,

240 3498 330 3574 trem,
355 3513 496 3576 egressus
520 3519 589 3565 oum
611 3502 753 3567 undecim
776 3501 837 3566 abii
858 3502 889 3564 in
912 3493 1049 3569 montem
1061 3500 1190 3582 (llyveti,
1212 3500 1265 3563 ubi
1284 3498 1384 3564 faetus

240 3599 272 3664 in
294 3600 421 3680 agonia,
453 3619 522 3666 cum
550 3605 697 3685 prolixius
720 3598 864 3670 'orassem
887 3609 919 3668 et
939 3603 1142 3685 intelligerem
1163 3607 1227 3666 tam
1250 3601 1386 3686 crudelia

241 3703 461 3786 suppliciorum
474 3706 522 3788 (8)
534 3726 648 3788 genera
670 3709 762 3774 miehi
783 3709 846 3773 iam
867 3707 1025 3787 inminere,
1049 3712 1123 3772 tune
1143 3706 1242 3772 factus
1264 3711 1313 3772 est
1332 3725 1385 3773 su-

242 3808 299 3873 dor
319 3826 406 3874 meus
428 3809 508 3874 sieut
529 3815 618 3891 gutte
638 3813 804 3893 sanguinis
823 3812 1016 3903 ¹decurrentis
1030 3812 1062 3876 in
1074 3817 1199 3877 terram.
1230 3810 1291 3877 Vix
1302 3810 1385 3877 enim

242 3913 386 3978 credibile
409 3916 490 3978 esset
513 3914 603 3978 alicui
623 3915 740 3979 homini
761 3917 876 3982 viventi
898 3917 954 3982 sub
977 3918 1058 3997 celo,
1093 3916 1198 3998 quales
1227 3915 1385 3997 angustias

243 4020 275 4080 θῖ
303 4035 397 4098 quam
425 4017 623 4083 vehementes
652 4023 684 4083 et
703 4019 750 4103 (9)
769 4020 921 4085 terribiles
950 4022 1059 4086 mortis
1085 4039 1245 4109 pressuras
1273 4023 1386 4084 natura

307 4171 341 4240 (l)
364 4176 393 4235 Ι)
409 4175 589 4236 difformitate
610 4210 655 4220 —-
677 4172 710 4243 (2)
734 4179 783 4238 ΟΡ
799 4180 861 4239 add
882 4186 911 4240 et
924 4213 967 4223 —
980 4175 1013 4244 (3)
1037 4179 1196 4256 CJPergo:
1219 4183 1264 4238 ila
1286 4186 1314 4238 et
1334 4182 1384 4239 in·
1446 4230 1449 4235 .

241 4261 344 4338 serius.
364 4296 409 4306 -
430 4259 464 4327 (4)
479 4261 523 4324 CJ
539 4267 661 4324 exterior
680 4299 725 4308 —
747 4262 781 4329 (5)
805 4265 964 4344 Gergo—
987 4261 1020 4330 (6)
1044 4266 1097 4324 DP
1110 4283 1231 4326 mea-
1251 4261 1286 4330 (⁷)
1306 4262 1384 4326 HJL

242 4365 329 4423 pasce
350 4383 394 4419 e-
416 4345 449 4415 (8)
472 4349 526 4410 ΑΒ
549 4358 754 4411 tormentorum
797 4352 830 4412 M
852 4360 1066 4413 tormentorum·
1079 4361 1108 4414 el
1128 4352 1385 4434 suppliciorum-

243 4430 276 4499 (9)
299 4435 375 4496 Det
395 4454 483 4513 quam
526 4438 650 4515 Batque
693 4439 742 4499 ΟΡ
755 4456 792 4500 ae
