3000 5196
220 349 284 413 218

220 485 267 552 rei
287 501 381 551 causa
402 460 565 551 tormentis
594 489 628 549 et
654 483 798 567 periculis
825 484 996 552 innumeris
1023 491 1247 569 exposuerrmt,
1273 491 1368 554 tauto

219 587 370 655 feliciores
390 586 481 654 huirrs
492 588 741 670 desponsacionis
754 589 920 673 participes
940 608 976 655 se
984 587 1054 657 fieri
1061 591 1258 673 arbitrantes,
1266 610 1368 674 quan-

144 769 146 773 y
219 698 254 759 to
267 692 372 775 plures
384 692 559 774 potuissent
571 692 630 759 sibi
650 694 814 760 atbaxisso
825 698 983 761 consortes
1004 699 1038 760 et
1057 696 1247 763 consodales.
1274 697 1369 762 Nunc

221 815 294 878 crgo
317 796 440 863 domine
461 814 513 880 my
533 798 672 880 paternis
693 797 805 864 devote
821 798 990 865 inherendo
1004 799 1151 882 vestigiis,
1173 818 1369 882 egoquoque

220 900 312 967 buius
332 899 447 966 amoris
468 899 567 967 iacmo
589 901 778 983 vulneratus,
802 903 920 968 etzelo
941 901 1079 968 fraterne
1095 904 1232 969 caritatis
1246 904 1368 969 medul-

221 1004 295 1071 litus
317 1008 429 1084 tactm,
451 1022 554 1085 genua
575 1005 676 1072 cordis
697 1007 760 1072 moi
779 1007 821 1071 ad
842 1011 874 1071 te
887 1004 987 1087 flecto,
1010 1011 1043 1072 et
1057 1025 1095 1072 er
1108 1008 1184 1074 totis
1196 1007 1368 1089 precordiis

221 1127 293 1174 cum
312 1109 450 1191 singultu
472 1114 505 1174 et
524 1109 658 1176 lacrimis
680 1115 712 1176 te
733 1109 856 1192 flagito,
885 1115 922 1176 ut
949 1111 1036 1177 hanc¹
1057 1115 1144 1177 tuam
1173 1112 1369 1193 spiritualem

222 1213 497 1296 desponsaciouem
517 1213 550 1280 in
572 1213 680 1280 diebus
702 1215 817 1281 nostris
838 1234 901 1281 nou
922 1215 966 1281 sic
985 1213 1089 1298 perire
1108 1216 1286 1299 permittas,
1308 1216 1369 1282 sed

221 1317 357 1399 graciam
378 1318 591 1397 renovacionis
612 1318 708 1401 ipsius
736 1319 901 1403 aliqualem
929 1319 1071 1386 cordibus
1100 1319 1291 1386 diversorum
1317 1320 1370 1385 in·

201 1414 342 1488 hmdas.
372 1422 436 1488 Fac
456 1423 616 1488 nobiscum
637 1423 761 1490 domine
781 1442 845 1490 non
866 1424 1035 1491 secundum
1048 1428 1225 1491 nostmrum
1240 1425 1369 1490 merito-

223 1526 353 1610 rum(l)
364 1527 567 1609 parvitatem,
597 1526 654 1593 sed
681 1528 852 1595 secundum
881 1529 964 1611 quod
986 1527 1075 1593 decet
1096 1532 1183 1593 tuam
1204 1529 1370 1594 amabilem

221 1635 318 1713 atque
337 1631 508 1713 piissimam
528 1632 708 1698 bonitatem.
738 1633 781 1698 Jn
801 1637 858 1698 tua
877 1650 1012 1714 namque
1033 1632 1199 1698 clemencia
1212 1631 1371 1715 dependet

221 1739 291 1803 tola
311 1735 396 1802 salus
417 1740 533 1802 nostra.
562 1737 612 1801 Ex
633 1755 670 1802 co
692 1737 808 1821 qnippe
817 1737 937 1803 mmeris
952 1755 986 1802 es
998 1742 1064 1802 tam
1078 1735 1370 1803 meffabiliterama·

221 1839 309 1920 bilis,
339 1826 518 1923 quod'ipsis
540 1841 673 1924 indignis
695 1859 729 1908 es
749 1845 816 1907 tam
836 1842 906 1924 pins
929 1846 1023 1923 atque
1043 1840 1210 1924 placabilia.
1243 1839 1306 1908 Sed
1326 1859 1371 1906 ne

222 1942 341 2011 diutinas
354 1948 396 2011 ta
415 1945 613 2027 protraham:
642 1964 683 2010 en
711 1963 769 2027 ego
790 1938 886 2012 miser
913 1949 1060 2028 peccator
1087 1945 1219 2029 propriis
1248 1945 1370 2011 delictis

221 2053 418 2132 progavatm,
440 2049 496 2115 sed
518 2050 558 2116 de
579 2054 635 2116 tua
655 2050 796 2116 inmensa
816 2050 934 2132 pietate
955 2048 1099 2132 coumm,
1114 2069 1227 2117 coram
1247 2054 1280 2114 te
1294 2068 1371 2132 pro·

221 2157 338 2220 susam
359 2154 456 2235 iaceo,
479 2155 518 2220 de
539 2159 624 2220 terra
644 2174 708 2221 non
721 2160 927 2236 surrecturus,
950 2155 1049 2222 donec
1069 2173 1107 2220 ex
1122 2154 1211 2220 labiis
1225 2153 1371 2220 tuisver·

221 2256 296 2325 bum
317 2258 495 2340 egrediatur
515 2260 698 2341 graciosum,
722 2260 821 2326 donec
841 2276 951 2342 surgas
971 2263 1004 2324 et
1023 2258 1180 2342 propicius
1200 2256 1266 2338 fias,
1294 2275 1369 2324 con-

222 2380 347 2429 sensum
367 2365 515 2447 probem,
544 2382 582 2430 ac
609 2369 643 2431 te
668 2382 752 2430 nume
776 2382 900 2446 quoque
921 2364 1001 2430 sicut
1022 2363 1104 2447 olym
1118 2361 1370 2445 desponsatio)

222 2468 394 2550 permittas.
427 2467 663 2534 SAPIENOIA:
685 2468 753 2550 Ego
775 2467 901 2551 quidem
922 2472 1051 2550 paratius
1073 2466 1279 2532 essemomni
1288 2469 1370 2530 tem-

222 2590 300 2654 pore
319 2572 378 2639 hoc
390 2573 438 2657 (3)
451 2573 533 2656 quod
555 2573 660 2657 petisti
681 2573 841 2654 adinplere
863 2577 895 2637 et
915 2568 957 2637 in'
969 2572 1028 2636 hec
1053 2571 1225 2654 spiritualia
1252 2588 1370 2636 connu-

223 2676 276 2742 bia
298 2679 470 2744 consentire
478 2722 489 2759 ‚-
516 2679 544 2745 si
571 2682 677 2744 tanmn
707 2680 811 2743 assent
832 2677 885 2758 qni
905 2675 976 2751 huic
997 2675 1231 2758 desponsacioui
1252 2673 1371 2751 vellent

223 2781 373 2863 legittime
396 2801 522 2864 oporam
544 2782 628 2848 dare.
662 2781 724 2848 Sed
751 2781 864 2847 mirum
891 2779 924 2844 in
952 2779 1079 2845 modum
1107 2780 1197 2844 multi
1221 2781 1294 2844 sunt
1313 2777 1370 2858 qui

223 2885 305 2951 hanc
327 2886 506 2952 desiderant
520 2905 630 2961 ‚arram
650 2884 775 2965 habere,
797 2887 1032 2967 verumptamen
1047 2903 1104 2966 pro
1120 2884 1186 2977 cius
1201 2881 1369 2964 adepcione

211 2989 335 3071 ³nolunt
356 2988 507 3056 laborare.
541 2989 658 3059 Vemm
680 2989 814 3072 quidem,
837 2989 864 3055 si
886 2988 952 3054 sine
973 2987 1079 3062 labore
1101 2987 1159 3053 hec
1173 2982 1370 3053 meaiclicis⁴

223 3092 303 3160 sima
324 3094 523 3178 desponsacio
546 3095 679 3178 optineri
692 3097 821 3177 posset,
852 3092 1005 3158 mnumori
1033 3110 1088 3157 me
1104 3091 1165 3158 sibi·
1181 3092 1215 3156 in
1237 3088 1370 3155 amicam

224 3197 381 3280 eligerent.
417 3199 491 3277 Quis
512 3200 595 3264 enim
617 3200 677 3265 nisi
704 3199 831 3264 insnum
853 3186 929 3264 auri
957 3198 1131 3263 inmensum
1159 3194 1280 3278 pondus
1308 3193 1370 3259 sibi

223 3305 320 3386 gratis
342 3304 471 3370 allatum
491 3324 554 3370 uon
575 3305 671 3371 tollat
687 3308 719 3369 et
739 3303 856 3369 vadati
883 3303 974 3368 Nunc
994 3321 1069 3369 vero
1090 3302 1135 3366 sic
1156 3304 1204 3367 est
1217 3296 1301 3381 quod
1313 3314 1369 3363 aa·

222 3409 344 3491 piencia
364 3408 500 3492 trahibrr
521 3410 561 3475 de
582 3408 734 3493 occcultis(
756 3408 786 3492 );
810 3412 843 3473 et
863 3408 917 3490 qui
937 3406 1188 3487 volueritipsam
1197 3402 1368 3486 possidere,

223 3533 349 3581 necesse
369 3515 496 3582 habebit
517 3533 586 3580 eam
608 3533 677 3580 cum
700 3513 807 3579 labore
836 3516 869 3576 et
895 3510 1099 3577 sollicitudine
1126 3508 1215 3590 quasi
1242 3505 1370 3589 penum-

224 3635 275 3683 am
287 3618 335 3702 (5)
347 3638 486 3702 querere,
510 3624 542 3685 et
563 3617 697 3686 effodere
719 3617 808 3701 quasi
829 3616 991 3682 thesauros
1003 3615 1062 3699 (6).
1093 3613 1165 3678 Non
1186 3611 1269 3675 enim
1282 3609 1370 3680 inve-

223 3721 309 3788 nitur
328 3723 468 3789 interra
490 3724 625 3790 suaviter
651 3723 824 3789 vivencium
835 3720 894 3805 (7).
923 3719 1081 3800 Siquidem
1109 3715 1235 3782 consilio
1264 3712 1368 3779 divino

160 3897 164 3907 ,
224 3825 382 3892 decretum
404 3832 460 3909 est,
483 3829 566 3917 quod
588 3827 691 3893 nullus
712 3825 793 3892 hanc
806 3821 1224 3908 dignissimam(8)sponsam
1246 3816 1367 3899 accipit,

223 3929 284 3996 nisi
303 3930 390 4015 prius
412 3931 646 3998 strennuissime
666 3931 700 3995 in
721 3925 787 3995 acie
799 3933 929 4012 propter
941 3929 1041 4011 ipsam
1055 3923 1243 4003 militaverit,
1266 3925 1298 3986 et
1312 3920 1368 3986 ad-

223 4052 314 4133 versa
335 4035 517 4103 sustinuerit
544 4036 651 4103 multa.
685 4035 729 4100 Et
757 4035 944 4135 quicumque:
969 4033 1002 4097 in
1029 4030 1088 4129 hiis
1117 4024 1368 4095 tribulacionibus

288 4171 330 4242 (1)
347 4178 472 4240 DEJLP
487 4183 652 4240 meritorum
672 4182 835 4237 ndstmmm
871 4176 1085 4246 emeritorum
1107 4189 1178 4230 mos
1200 4169 1368 4244 Dpravita-

224 4266 282 4323 ⁸⁰¹2
303 4296 348 4309 -
369 4261 411 4332 (2)
428 4267 693 4343 Edosponsarc—
715 4258 752 4329 (3)
773 4264 829 4324 hoc
852 4281 901 4324 om
923 4263 1032 4321 DP—
1053 4253 1088 4324 (4)
1111 4256 1162 4317 HJ
1172 4255 1284 4316 ocultis
1305 4251 1368 4313 Job

225 4347 274 4419 2⁸,
295 4351 341 4409 18·
361 4384 406 4398 -·
427 4351 461 4416 (ὁ)
484 4354 559 4415 HJL
574 4350 742 4431 peccuniam
764 4385 808 4395 -
829 4345 864 4414 (6)
886 4351 979 4410 Prov.
1000 4352 1035 4419 2,
1057 4349 1085 4405 4.
1106 4377 1151 4387 —
1173 4338 1207 4406 (Ἰ)
1228 4341 1289 4402 Job
1310 4340 1367 4411 28,

225 4432 270 4497 13.
290 4466 335 4479 -
356 4432 390 4500 (8)
413 4439 539 4502 DEFJL
550 4441 755 4501 divinissimam
