3232 5130
315 339 356 404 76

314 489 463 559 simihbus
485 489 698 570 causissicnt
718 492 752 555 et
772 488 833 554 alie
852 489 1022 556 racionalas
1034 487 1083 572 (1)
1095 492 1245 568 creatura,
1267 486 1323 579 sed
1345 493 1377 554 et
1389 489 1454 555 eius

315 613 350 662 os
371 594 505 677 quodam
520 593 673 675 'singrrlari
694 592 854 675 privilegio
866 591 932 676 (2),
961 592 1077 658 scilicet
1102 591 1277 659 voluntaria
1303 609 1341 656 ac
1358 592 1456 658 libera

316 697 493 764 donacione.
526 696 684 779 Siquidem
705 700 741 761 tu
763 714 796 762 es
816 696 894 760 illud
915 696 1011 762 iocale
1033 696 1117 778 quod
1136 695 1350 761 inchoantibus
1363 714 1456 768 ,amo-

315 819 387 868 rose
407 800 574 866 iuventutis
579 816 656 865 mae
670 800 872 883 temporibus,
887 799 1027 866 omnibus
1041 799 1247 865 mundialibus
1264 799 1457 881 terrenisque

316 905 472 970 amoribus
491 905 656 987 privatum,
679 904 738 970 sibi
757 922 815 986 pro
837 920 910 989 arra
930 905 1060 982 amoris,
1083 923 1140 986 pro
1162 903 1251 969 iocali
1273 903 1456 984 dileccionis,

316 1012 350 1074 et
365 1008 525 1091 prosigno
541 1009 677 1074 mritads
692 1008 789 1074 obtuli
800 1007 859 1093 (3),
883 1013 915 1074 et
928 1004 1029 1091 ipsum
1042 1008 1091 1074 sui
1104 1006 1235 1074 nominis
1253 1007 1364 1073 litteris
1385 1024 1456 1072 san·

315 1110 441 1195 guineis
456 1111 638 1192 consignans
650 1109 709 1195 (t),
731 1111 877 1176 thronum
892 1111 1070 1194 eburneum,
1088 1110 1316 1176 reclinatorium
1328 1110 1457 1176 aur'eum

316 1213 594 1298 ac(5)thalamum
615 1214 790 1305 nuptialem
811 1215 1091 1300 adquiescendum
1103 1202 1195 1298 (6)‘in
1217 1232 1259 1280 eo
1272 1214 1331 1280 sibi
1344 1215 1458 1281 consti·

78 1282 98 1301 Ι·
203 1348 208 1357 ·
315 1317 372 1383 tui.
404 1318 509 1400 Jgitur
530 1318 579 1383 dic
599 1317 691 1384 michi
713 1319 845 1400 qualiter
865 1319 1002 1401 recipere
1030 1314 1081 1384 vis
1104 1317 1190 1382 illam
1216 1321 1303 1382 tuam
1327 1296 1472 1383 amicam'

317 1425 351 1487 et
367 1422 557 1504 spiritualem
572 1439 727 1505 sponsam,
743 1427 882 1488 eternam
896 1422 1013 1488 scilicet
1026 1422 1223 1505 sapienolam,
1236 1439 1306 1487 cum
1322 1420 1457 1514 redierit,

215 1566 217 1573 ·
318 1527 351 1590 et
371 1523 569 1590 adhosuum
594 1525 694 1590 cordis
715 1525 827 1591 stando
856 1544 894 1591 ao
920 1518 1072 1608 pulsando
1101 1518 1159 1591 sibi
1186 1524 1314 1608 pecierit
1335 1525 1457 1607 aperiri.
1580 1596 1581 1599 Ἴ

317 1627 385 1710 Ego
406 1628 508 1709 iuquit
527 1647 591 1695 non
613 1629 666 1694 diu
687 1629 827 1709 tardabo,
849 1647 908 1694 nec
922 1629 1199 1719 dilectamdiucius
1213 1632 1375 1710 expectare
1387 1646 1458 1711 per-

161 1718 167 1727 ’
221 1767 226 1776 ,
317 1730 449 1811 mittam,
465 1731 566 1796 sedin
580 1749 740 1798 occursum
755 1734 820 1798 eius
833 1731 1016 1798 festinmter
1030 1731 1189 1798 occurram
1201 1731 1260 1815 (t),
1282 1735 1315 1797 et
1325 1730 1459 1797 brachiis

319 1833 540 1914 desideriorum
561 1853 701 1902 meorum
724 1835 976 1903 affectuosissime
994 1837 1135 1916 extentis,
1158 1835 1303 1900 dilectum
1315 1839 1458 1901 votorum

318 1924 458 2004 meorum
470 1938 553 2003 inter
565 1939 762 2027 salutacionis
774 1939 870 2006 verba
885 1940 994 2006 intimo
1006 1936 1153 2022 amplexu
1168 1939 1384 2020 constringam.
1415 1939 1458 2004 Et

302 2041 399 2113 ‘s'mr
415 2041 536 2108 clausus
546 2042 704 2110 lohannes
721 2043 754 2109 in
765 2048 854 2110 utero
873 2045 982 2110 matris
999 2044 1040 2109 ad
1052 2043 1245 2126 presenciam
1259 2043 1356 2107 eterni
1376 2044 1458 2125 regis

318 2145 515 2229 tripudiando
526 2147 659 2228 saltavit,
673 2149 718 2214 sio
732 2152 764 2214 et
777 2167 835 2230 ego
847 2148 951 2214 clauso
965 2147 1120 2230 ergastulo
1135 2145 1183 2231 (8)
1195 2147 1236 2212 ad
1247 2150 1334 2211 tante
1346 2163 1459 2229 sponse

318 2251 510 2332 presenciam
530 2252 708 2318 medullitus
731 2253 884 2333 exultabo,
907 2270 1039 2335 eumque
1059 2252 1095 2316 in
1114 2269 1189 2317 voce
1208 2248 1398 2316 iubilacionis
1409 2248 1457 2332 (9)

318 2353 430 2421 talibus
451 2357 613 2423 verbisex
633 2355 780 2423 thesauro
802 2357 916 2424 amoris
937 2345 1104 2439 assumptis
1126 2355 1275 2433 salutabo
1288 2353 1408 2418 diceus:
1431 2352 1459 2418 Ο

319 2456 430 2523 dilecte
451 2478 512 2544 my,
535 2460 663 2544 abyssus
673 2459 929 2543 profundissimus
941 2459 1012 2544 (10)
1024 2459 1245 2524 desideriorum
1257 2474 1406 2536 meorum,
1428 2461 1461 2522 et

318 2555 416 2628 virtus
437 2564 642 2629 medullarum
663 2582 819 2644 mearum,
849 2556 978 2645 totaque
1006 2562 1098 2627 simul
1113 2561 1285 2650 ¹congeries
1308 2561 1460 2627 viscerum

319 2767 488 2848 affectibus,
510 2769 627 2849 tibique
649 2769 838 2834 demandant
858 2773 906 2833 tot
924 2767 1128 2833 salutaciones
1147 2786 1184 2833 ac
1199 2770 1311 2833 devota
1322 2767 1459 2845 servicia,

320 2876 396 2952 quot
415 2872 448 2934 in
470 2871 628 2937 arboribus
650 2871 732 2952 folia,
756 2877 787 2937 et
808 2873 841 2937 in
863 2872 928 2937 celo
942 2869 1060 2952 dulgent
1072 2871 1191 2955 sydera,
1206 2877 1238 2936 et
1255 2875 1331 2953 quot
1345 2870 1461 2933 harene

318 2974 413 3039 maris
436 2975 516 3040 circa
532 2975 648 3040 littora.
684 2976 794 3058 sicque
808 2976 916 3041 devote
930 2980 1089 3059 receptum
1103 2976 1295 3041 introducam
1307 2974 1347 3039 ad
1359 2974 1460 3038 locum

318 3078 487 3159 proprium,
511 3065 626 3144 scilicet
648 3069 747 3146 cordis
769 3080 944 3159 triclinium,
967 3065 1159 3163 spiritualem
1184 3079 1364 3144 thalamum.
1397 3076 1460 3143 Sed

318 3181 504 3263 prochdolor
525 3183 584 3249 hoc
607 3189 656 3251 est
677 3185 760 3266 quod
781 3202 831 3249 me
854 3189 926 3249 ante
938 3182 1191 3267 factumgemere
1204 3181 1357 3263 conpellit,
1371 3181 1461 3246 vicis-

318 3284 421 3351 situdo
431 3287 558 3352 ‘scilicet
571 3307 710 3355 accessus
726 3293 758 3354 et
771 3306 911 3373 recessus
926 3289 1031 3370 ipsius.
1047 3318 1051 3326 ·
1065 3286 1133 3352 Hee
1145 3287 1214 3369 (12)
1225 3304 1358 3378 namque
1370 3283 1460 3350 valde

319 3387 428 3472 affligit
449 3392 585 3458 animum
608 3393 744 3458 nondum
758 3392 827 3476 (13)
838 3391 1061 3475 perfectissimo
1084 3390 1197 3455 amoris
1226 3390 1325 3472 gradu
1349 3388 1460 3455 solida-

318 3497 395 3559 tum.
436 3495 504 3562 Hec
526 3502 558 3562 et
578 3497 637 3563 lriis
659 3497 770 3562 similia
798 3497 907 3561 intima
934 3494 1034 3559 cordis
1047 3493 1116 3578 (14)
1129 3493 1261 3575 suspiria
1289 3497 1321 3558 et
1348 3492 1461 3558 amoris

319 3598 471 3680 colloquia
493 3600 519 3666 Ο
542 3605 649 3666 eterna
670 3601 826 3684 sapiencia
847 3600 936 3665 audis
956 3616 1014 3677 pec
1036 3596 1187 3675 attendis3
1210 3597 1266 3662 sed
1280 3615 1337 3661 nec
1352 3597 1460 3661 adver-

318 3703 386 3767 tere
408 3704 532 3784 quidem
553 3689 616 3769 aut¹
629 3709 738 3770 curare
753 3710 785 3769 te
798 3694 927 3770 similas
957 3699 1194 3768 SAPIENGIA:
1216 3699 1315 3766 Video
1331 3698 1460 3780 singula,

385 3870 421 3942 (1)
445 3877 670 3940 Gracionabiles
690 3913 735 3923 —
756 3873 792 3943 (2)
821 3874 1100 3954 ABDGprevilegio
1128 3910 1173 3921 —
1199 3872 1235 3943 (3)
1266 3872 1390 3949 Loptuli
1417 3904 1461 3915 —

319 3954 357 4027 (4)
379 3963 457 4038 conf.
477 3965 561 4040 iufra
581 3966 626 4039 11,
647 3968 674 4025 7.
694 3998 739 4010 -
760 3959 796 4030 (5)
819 3983 854 4024 ac
876 3983 925 4024 om
947 3964 1029 4023 D—
1051 3959 1087 4030 (6)
1111 3964 1159 4023 GP
1168 3958 1403 4038 requiescendum
1417 3990 1461 4000 —

319 4041 357 4113 (7)
378 4048 479 4109 EFHJ
489 4067 637 4111 accumam
664 4084 709 4094 -
735 4044 772 4115 (8)
802 4050 997 4127 Gargastu103
1026 4069 1097 4111 mou
1124 4050 1184 4109 BM
1194 4049 1266 4107 tanti
1293 4046 1390 4120 sponsi
1417 4076 1462 4086 —-

320 4128 354 4200 (9)
376 4135 626 4208 JMaxultacionis
670 4137 915 4198 CPenultacionis
938 4144 966 4196 et
986 4137 1165 4196 iubilaciouis
1181 4166 1226 4176 —
1247 4126 1298 4195 (10)
1321 4129 1461 4190 GDHMP

318 4220 591 4296 profundissima-
602 4219 655 4287 ’(11)
673 4223 727 4283 DF
739 4223 845 4283 salutat
858 4224 1065 4298 etpuulopoat
1075 4218 1282 4280 demandat-
1292 4211 1343 4281 (12)
1353 4215 1461 4276 ABJM

319 4305 386 4366 Hoc
406 4339 450 4351 -
471 4303 523 4372 (13)
544 4309 598 4368 AO
609 4309 737 4370 nundum
758 4343 802 4354 -
823 4303 875 4373 (14)
897 4307 962 4367 Let
983 4310 1083 4367 intima
1101 4305 1195 4366 cordis
1230 4304 1354 4364 Ointimi
1368 4301 1461 4362 cordis

319 4389 373 4452 ΑΡ
386 4393 479 4453 cordis
