3232 5130
1322 356 1385 420 20⁷

240 492 300 557 sim
312 489 360 572 (1)
373 493 561 554 convertere.
595 486 741 567 Jtemque
759 487 892 568 qualiter
910 505 973 551 nou
994 488 1094 552 solum
1115 488 1198 554 hona
1217 491 1384 557 sedeciam

240 594 338 672 mala,
370 598 406 656 ut
427 592 568 656 videlicet
589 591 782 654 inmissiones
804 590 955 671 malignas
976 608 1033 671 per
1054 591 1180 672 angelos
1204 593 1301 659 malos
1321 594 1386 661 fac-

241 703 300 778 tas,
322 700 416 777 atque
438 695 652 760 nmversaHter
674 695 776 758 omnia
797 695 863 760 visa
885 699 916 761 et
939 694 1045 757 audita
1067 699 1099 758 et
1116 695 1302 762 sensibiliter
1314 716 1384 778 per-

174 882 177 889 ,
242 795 1125 882 cepta,inlaudempossim(2)couverteremeicreatoris.
1147 799 1383 866 SAPIENCIA:

241 904 292 968 Ad
314 903 371 967 hec
392 902 453 965 tria
474 919 529 982 per
552 900 690 965 ordinem
711 900 788 964 taba
808 901 865 965 tibi
886 901 995 965 damus
1022 920 1181 983 responsa.
1221 905 1264 968 Et
1283 907 1384 987 primo

242 1007 370 1071 dicimus
392 1005 475 1086 quod
496 1004 607 1068 horum
630 1002 795 1069 affectuum
808 1003 1018 1085 predictorum
1033 990 1197 1070 difficulter
1210 1007 1317 1073 haberi
1329 1028 1386 1090 po-

242 1115 304 1176 test
325 1109 493 1187 distinccio,
515 1111 644 1188 propter
666 1125 773 1171 eorum
795 1107 961 1172 maximam
982 1109 1222 1174 similitudinem.
1253 1111 1296 1174 Et
1316 1112 1386 1176 ideo

242 1231 349 1279 ornnes
371 1212 449 1276 tales
471 1210 668 1299 uffeocloneS,
691 1230 786 1292 puras
809 1212 932 1292 qmdem
956 1216 987 1275 et
1009 1213 1160 1292 sinceras,
1183 1218 1221 1277 ut
1242 1219 1290 1279 est
1310 1233 1387 1295 gau-

244 1318 328 1381 dium
351 1322 382 1379 et
404 1316 567 1394 exultacio,
590 1321 622 1378 te
645 1314 685 1378 ad
707 1315 1081 1397 hylaritatem-quandam
1103 1322 1316 1397 provocantes,
1338 1318 1387 1382 vel

244 1422 340 1485 eciam
362 1425 398 1483 ut
419 1420 575 1483 interdum
597 1418 664 1482 fieri
685 1419 764 1483 solet
780 1419 827 1503 ad
849 1418 952 1481 dulces
975 1419 1117 1484 lacrimas
1138 1420 1187 1484 vel
1209 1422 1250 1485 ad
1274 1422 1388 1486 similes

243 1523 422 1588 affecciones
445 1522 484 1586 de
507 1523 615 1603 quibus
638 1517 738 1586 nescis
761 1523 843 1585 unde
865 1523 991 1586 veniant
1012 1527 1067 1586 aut
1089 1542 1150 1605 quo
1178 1525 1294 1589 vadant
1313 1527 1388 1590 inci-

243 1633 363 1693 tantes:
385 1628 442 1691 has
465 1645 570 1691 omnes
592 1620 729 1708 pingues
742 1625 790 1709 (3)
802 1631 834 1689 et
854 1627 987 1706 irriguas
1015 1625 1196 1717 affecciones
1226 1631 1331 1694 statim
1353 1635 1389 1695 ut

243 1732 385 1810 senseris,
408 1732 501 1795 debes
525 1731 638 1817 deuota
660 1715 794 1811 quadarn
817 1730 1005 1795 exhibicione
1018 1749 1142 1795 sursum
1154 1733 1195 1795 ad
1207 1750 1311 1796 rerum
1323 1751 1388 1799 orn-

242 1836 327 1899 mum
350 1840 508 1899 auctorem
528 1835 711 1914 erigeread
738 1835 865 1919 modum
895 1835 1090 1915 acceptabilis
1121 1834 1274 1915 sacrificii,
1306 1838 1389 1917 quod

244 1942 323 2006 Abel
345 1940 401 2002 deo
425 1938 536 2002 obtulit
548 1937 607 2020 (4),
631 1943 666 2000 ut
688 1939 753 2002 eius
775 1938 807 2001 in
825 1937 1193 2021 laude(5)expendantur
1207 1940 1304 2020 quiet
1317 1959 1389 2004 auc-

233 2051 294 2110 .tor
316 2049 364 2108 est
384 2047 495 2105 nature
518 2046 549 2103 et
561 2041 673 2120 'gracie
694 2042 840 2122 largitor;
864 2048 896 2107 et
909 2043 954 2106 sic
969 2043 1093 2123 quidem
1104 2043 1207 2123 gracie
1217 2043 1305 2124 tales,
1329 2063 1389 2126 que

244 2153 279 2211 ut
301 2147 345 2212 sic
366 2139 439 2212 surit
460 2145 617 2208 naturales
639 2163 696 2207 nec
717 2146 888 2223 meritorie,
911 2165 955 2209 -ex
985 2145 1046 2210 fine
1075 2165 1131 2211 suo
1161 2148 1388 2235 quodammodo

243 2255 374 2333 possunt
395 2248 466 2313 fieri
483 2247 734 2329 supernaturales
755 2248 1075 2331 idest·(6)meritbrie.'
1107 2251 1389 2335 Quocienscumqne

243 2374 317 2421 vero
338 2354 470 2420 senseris
493 2353 697 2432 malignorum
720 2352 884 2432 spirituum
905 2353 1101 2434 blasphemas
1112 2357 1324 2436 suggestiones
1342 2359 1389 2423 in·

242 2465 361 2524 trorsus
374 2458 422 2542 (7)
434 2459 572 2539 incipere
592 2456 724 2534 sibilare,
748 2456 854 2519 statim
877 2475 991 2537 exurge
1014 2462 1045 2522 et
1068 2459 1132 2523 dic:
1156 2441 1183 2523 O
1206 2461 1282 2526 deus
1304 2461 1389 2527 altis·

243 2565 348 2643 sime„
367 2569 403 2627 ut
425 2562 529 2625 amma
549 2578 619 2624 mea
640 2560 734 2624 hmus'
753 2561 880 2641 maligm
901 2561 1027 2642 spiritus
1048 2563 1149 2642 locum
1170 2564 1228 2628 vel·
1241 2563 1389 2655 officium,

244 2688 304 2750 quo
327 2673 359 2731 te
380 2669 412 2731 in
433 2650 592 2747 perpetms‘
615 2666 831 2730 etermtatibus
854 2667 982 2730 laudare
1005 2667 1154 2733 debuerat
1182 2669 1209 2732 si
1236 2669 1390 2753 perstitis-

168 2795 170 2801 ’
243 2778 307 2851 set,
331 2772 489 2850 subripere
511 2770 613 2834 valeat
634 2769 667 2832 in
689 2769 827 2849 tantillo,
852 2775 924 2850 opto
943 2774 974 2834 et
998 2770 1149 2850 desidero,
1173 2777 1208 2835 ut
1230 2773 1391 2853 quociens·

244 2893 382 2956 cumque.
396 2875 446 2937 hic
466 2873 619 2953 mahgnus
634 2873 761 2954 spiritus
773 2873 829 2938 has
845 2874 1089 2939 abhominandas
1103 2876 1307 2956 cogitaciones
1317 2885 1390 2941 con-

243 2983 294 3043 tra
314 2979 507 3043 voluntatem
528 2978 625 3041 menti
637 2976 686 3060 (8)
697 2977 857 3057 inmisetit,
880 2979 997 3043 tociens
1021 2983 1151 3042 exuoto
1179 2981 1315 3044 ommum
1337 2981 1390 3044 de-

244 3081 426 3147 sideriorum
448 3098 587 3143 meorum
603 3070 770 3145 'ineffabilis
792 3082 859 3146 lans
882 3086 913 3146 et
935 3083 1110 3163 graciarum
1131 3084 1215 3147 accio
1233 3084 1389 3148 induamu-

243 3185 312 3273 bilis
333 3172 390 3249 tibi
411 3184 452 3248 sit
472 3184 505 3246 in
531 3189 697 3265 perpetuas
729 3187 917 3251 etermtates.
934 3187 1001 3251 ‘Et
1030 3188 1307 3269 quocienscumque
1333 3189 1391 3253 hec

244 3289 408 3370 nephanda
429 3288 566 3366 susurria
586 3288 714 3353 inmissa
736 3292 882 3370 sustineo,
905 3292 1022 3358 tociens
1044 3292 1145 3357 laudis
1160 3289 1310 3357 sacrificia
1318 3309 1390 3372 gra·

243 3394 363 3458 tissima
383 3393 440 3457 tibi
461 3390 556 3456 offero
568 3390 617 3474 (9)
629 3411 698 3456 cum
720 3391 841 3458 affectu.
875 3393 926 3458 Sic
946 3395 1041 3475 igitur
1072 3400 1108 3460 ut
1128 3396 1215 3460 vides
1237 3396 1390 3476 diligenti·

243 3500 300 3564 bus
323 3498 414 3562 deum
425 3497 528 3562 omnia
540 3501 745 3577 cooperantur
759 3498 791 3562 in
810 3498 1014 3581 bonum(10),
1038 3518 1109 3564 cum
1123 3501 1222 3564 eciam
1236 3500 1307 3564 talis
1318 3517 1390 3580 sug·

243 3603 341 3683 gestio
363 3599 510 3682 pestifera
531 3602 575 3665 eis
596 3602 695 3683 possit
717 3603 826 3667 cedere
847 3603 880 3665 in
901 3602 1075 3666 utilitatem.
1105 3603 1204 3669 Porro
1221 3603 1259 3668 de
1280 3603 1389 3667 ultimo

244 3707 327 3788 quod
346 3706 476 3787 'quesisti
496 3706 547 3770 sic·
562 3704 735 3770 faciendum
758 3710 813 3770 est.
850 3705 1112 3786 Quandocumque
1129 3706 1242 3772 videris
1256 3707 1306 3775 vel
1319 3724 1391 3788 per-

244 3809 362 3890 ceperis
384 3809 669 3891 quomodocumque
691 3828 795 3874 rerum
817 3810 990 3891 adquorum
1011 3811 1269 3891 preeminenciam
1285 3812 1390 3891 singu·

243 3915 350 3993 larem,
372 3920 449 3994 puta
470 3932 578 3978 nemus
600 3913 790 3993 frondosum,
813 3920 939 3994 pratum
954 3912 1079 3980 floribus
1101 3915 1284 3996 graciosum,
1307 3933 1390 3980 cam·

243 4036 317 4100 pum
339 4017 505 4082 honustum
528 4018 703 4095 semimbus
726 4018 868 4082 arborem
887 4017 1290 4101 repletomprplruotibus,
1313 4019 1389 4083 etin

309 4155 342 4222 (l)
366 4161 566 4234 BFPpossem
612 4157 767 4232 Gposaum
790 4191 834 4200 —
855 4153 888 4221 (2)
912 4159 966 4217 BD
979 4175 1094 4232 possem
1124 4191 1168 4202 -
1197 4153 1230 4222 (3)
1254 4159 1390 4236 Lpiguee

242 4279 287 4289 -
309 4242 342 4309 (4)
367 4247 415 4304 GL
427 4247 582 4321 optulit—
603 4243 637 4307 (5)
659 4244 810 4302 Flaudem
821 4277 864 4288 -
877 4241 921 4308 ·l⁶)
945 4245 1043 4304 CDJP
1055 4254 1084 4304 et
1097 4278 1142 4288 -
1164 4241 1197 4308 (7)
1221 4244 1273 4304 OD
1285 4249 1388 4305 intror-

243 4350 325 4406 sum3
347 4351 417 4392 rana
440 4333 600 4392 Dsibulare
622 4365 666 4374 -
688 4327 722 4394 (8)
745 4331 883 4390 Mmeam
905 4335 998 4393 menti.
1035 4330 1056 4390 J
1066 4334 1154 4391 ment-i
1175 4348 1293 4391 mea-
1315 4329 1388 4396 (tlh

244 4419 361 4494 offerr03
383 4437 454 4478 moa
476 4419 668 4478 ODPetlectu
689 4451 734 4461 —
755 4412 806 4482 (10)
829 4418 915 4478 Rom.
938 4421 967 4492 8,
988 4418 1037 4477 28.
1069 4451 1113 4463 -
1135 4413 1187 4482 (¹¹)
1210 4417 1388 4495 Greplctnm
