3000 5196
183 393 249 455 230

182 546 256 611 disti
266 543 331 629 (l),
360 549 398 609 ut
417 543 475 610 bos
496 562 603 611 omnes
625 544 731 627 quite
752 544 892 610 emmam
920 543 1105 626 sapienciam
1134 544 1326 611 decreverint

182 649 275 714 modo
297 647 418 732 prefato
434 648 630 731 desponsare,
652 653 746 731 teque
767 648 921 715 voluerint
934 649 1093 732 colerem)
1105 668 1175 714 cum
1195 651 1326 732 premis-

180 754 224 820 sis
246 755 424 819 oracionum
445 753 564 819 devotis
587 753 751 833 exerciciis,
774 771 830 818 seu
852 752 949 817 eciam
970 752 1028 818 hec
1050 754 1158 819 eadem
1183 753 1324 821 fidelibus

181 858 358 924 studuerint
379 859 610 923 conmunicare:
633 858 816 939 utinquam
837 857 894 923 hos
916 875 1022 923 omnes
1044 858 1257 924 benediccione
1274 879 1325 924 sa-

182 962 277 1029 lutari
297 963 477 1043 benedicas,
500 982 556 1027 rex
576 981 663 1028 meus
686 966 718 1026 et
740 962 815 1027 deus
837 979 934 1027 meus.
963 961 1012 1026 Tu
1033 981 1166 1046 namque
1188 982 1221 1029 es
1242 963 1324 1029 fruc-

182 1070 234 1132 tus
254 1066 306 1132 ille
327 1068 506 1133 benedictus
527 1067 611 1151 olym
631 1067 748 1132 mundo
768 1067 982 1148 repromissus,
1004 1067 1037 1131 in
1052 1067 1111 1133 hoc
1126 1068 1325 1150 singulariter

181 1172 392 1256 privilegiatus
405 1172 464 1256 (3),
488 1176 523 1236 ut
545 1172 726 1254 cuicumque
747 1176 783 1235 tu
796 1171 997 1252 benedixeris
1017 1173 1057 1237 sit
1069 1172 1120 1237 ille
1133 1173 1323 1239 benedictus.

182 1276 319 1341 Benedic
342 1294 416 1358 ergo
438 1281 529 1358 pater
549 1295 602 1358 my
623 1276 727 1357 pueris
747 1277 815 1341 istis
827 1275 893 1359 (4),
916 1277 1103 1342 amatoribus
1125 1277 1266 1342 videlicet
1287 1295 1324 1342 ac

182 1381 340 1465 discipulis
362 1381 433 1461 tuis,
456 1379 672 1446 benediccione
694 1380 830 1451 omnium
840 1380 1087 1462 patriarcharum
1101 1386 1133 1446 et
1142 1386 1323 1447 cunctorum

183 1485 351 1551 electorum
372 1489 497 1551 tuorum
520 1484 572 1566 qui
593 1485 650 1549 tibi
672 1485 711 1549 ab
731 1485 823 1550 inicio
843 1485 1043 1566 placuemnt,
1067 1490 1104 1550 ut
1126 1505 1232 1552 eorum
1253 1491 1323 1551 tan·

181 1589 252 1654 dem
274 1588 354 1653 felici
374 1608 502 1654 numero
517 1606 586 1654 cum
601 1589 714 1670 gaudio
725 1593 942 1671 aggregentur.
969 1589 1136 1655 Jnvocetur
1154 1609 1249 1673 queso
1266 1611 1322 1657 no·

182 1711 254 1756 men
275 1697 364 1757 tuum
386 1694 517 1758 amabile
540 1697 572 1757 et
592 1693 759 1775 gloriosum
780 1711 875 1776 super
895 1695 973 1778 eos(
995 1694 1019 1776 ),
1041 1697 1078 1759 ut
1098 1696 1140 1760 sit
1153 1695 1322 1779 eisinpro·

185 1796 356 1862 tensionem
377 1798 485 1863 salutis
507 1798 540 1862 in
562 1798 680 1864 sumetis
702 1798 809 1862 mundi
830 1797 920 1863 huius
949 1800 1041 1864 variis
1069 1799 1131 1865 vite
1143 1799 1191 1884 (6)
1202 1800 1321 1882 pericu-

177 1902 226 1968 lis.
262 1900 331 1966 Tua
351 1904 459 1965 eterna
479 1901 635 1982 sapiencia
657 1918 710 1966 eos
731 1901 764 1965 in
786 1901 913 1982 agendis
928 1901 1051 1984 dirigat.
1080 1903 1216 1985 Angelus
1235 1904 1320 1987 pacis

179 2006 262 2089 ipsos
285 2005 447 2086 custodiat,
470 2009 502 2070 et
522 2005 713 2088 prosperitas
734 2005 836 2070 anime
858 2010 890 2070 et
903 2008 1039 2089 corporis
1057 2007 1100 2073 eis
1118 2008 1254 2073 arrideat
1270 2026 1321 2075 sa-

179 2111 300 2177 lutaris.
332 2110 383 2175 Da
404 2110 448 2176 eis
470 2110 593 2175 domine
613 2110 716 2176 locum
736 2110 925 2193 penitencie,
947 2115 984 2175 ut
1003 2129 1061 2194 per
1081 2130 1186 2176 veram
1208 2112 1322 2177 contri·

179 2215 309 2295 monem,
330 2218 363 2280 ct
383 2232 494 2297 prmum
515 2212 747 2296 confessionem,
770 2220 864 2298 atque
886 2214 1129 2281 satisfaccionem
1152 2214 1321 2298 perlectam

179 2324 252 2385 ante
273 2322 405 2384 mortem
428 2337 515 2384 suam
538 2319 579 2384 ad
600 2322 632 2385 te
652 2339 745 2385 snum
767 2324 939 2386 creatorem
954 2323 1182 2401 convertantur,
1204 2321 1321 2404 tibique

179 2422 317 2507 perfecte
338 2424 585 2505 reconsiliantur,
607 2442 749 2490 necnon
772 2428 804 2488 et
825 2424 1013 2490 sacrosancti
1035 2425 1171 2507 corporis
1192 2426 1238 2490 tui
1250 2444 1322 2507 per-

179 2529 325 2612 cepcione
346 2547 403 2610 pro
424 2528 536 2594 viatico
558 2529 591 2593 in
622 2529 766 2594 extremis
796 2529 971 2594 laborantes
992 2528 1186 2610 muniantur,
1215 2530 1260 2593 ita
1286 2534 1323 2594 ut

178 2651 375 2716 nequaquam
396 2634 557 2698 subitanea
579 2636 611 2698 et
632 2634 788 2716 inprovisa
810 2652 847 2698 ac
866 2634 1051 2715 indisposita
1065 2638 1166 2699 morte
1176 2653 1322 2716 preoccu-

178 2742 302 2821 pentnr.
334 2737 398 2802 Fae
420 2738 463 2803 eis
486 2738 609 2803 domine
629 2741 758 2823 propter
779 2755 891 2802 nomen
912 2741 1002 2801 tuum
1022 2738 1158 2820 graciam
1174 2738 1263 2819 hanc,
1285 2743 1322 2804 ut

180 2843 261 2908 sicut
281 2859 364 2907 nunc
384 2860 440 2923 per
461 2841 519 2906 hec
540 2842 652 2908 devota
674 2841 803 2907 servicia
824 2841 881 2906 tibi
901 2840 1099 2922 famulantur,
1125 2843 1221 2907 sicin
1243 2842 1321 2908 hora

180 2950 319 3011 extrema
339 2965 395 3011 sue
417 2947 618 3029 expiracionis
640 2965 660 3011 a
680 2950 714 3012 te
734 2947 965 3027 benedicantur,
989 2950 1021 3012 et
1037 2951 1124 3011 atua
1144 2946 1319 3012 dulcissima

181 3054 293 3130 matre,
315 3050 418 3115 Matre
439 3051 565 3134 inquam
585 3051 804 3132 misericordie,
827 3051 868 3116 ad
890 3069 988 3133 regna
1001 3050 1135 3132 gloriosa
1148 3050 1318 3133 perducan-

178 3157 240 3234 tur,
263 3155 316 3219 ubi
336 3156 369 3219 in
393 3156 498 3221 celesti
519 3156 622 3238 patria
643 3160 753 3222 sancta
773 3157 827 3221 illa
848 3156 972 3237 agmina
980 3156 1143 3220 beatorum
1155 3154 1319 3238 spirituum

178 3262 250 3340 post
271 3260 424 3341 presentis
445 3260 613 3326 incolatum
626 3259 673 3344 (7)
685 3262 808 3327 miserie
830 3262 869 3326 ab
890 3261 1032 3325 ubertate
1054 3258 1163 3325 domus
1185 3259 1235 3324 dei
1253 3258 1320 3324 feli-

177 3362 255 3428 citer
277 3364 476 3430 deebriantur
488 3366 546 3450 (8),
570 3365 615 3431 Te
636 3383 741 3448 regem
762 3365 858 3447 glorie
880 3364 1098 3446 dominumque
1119 3364 1269 3428 virtutum
1285 3364 1319 3427 in

177 3468 289 3533 decore
311 3489 367 3535 suo
380 3470 428 3554 (9)
441 3471 672 3552 conspicientes,
695 3470 822 3535 Jhesum
846 3468 980 3535 Cristum
995 3468 1151 3534 dominum
1160 3472 1317 3534 nostrum:

176 3572 238 3650 Qui
261 3592 330 3638 cum
351 3579 442 3657 patre
464 3579 495 3639 et
516 3575 629 3657 spiritu
651 3578 757 3640 sancto
778 3574 854 3638 vivit
882 3577 914 3638 et
934 3577 1046 3654 regnat
1058 3572 1195 3658 (10)per
1216 3572 1319 3638 omnia

175 3678 280 3743 secuda
301 3679 483 3744 seculorum.
505 3679 614 3744 Amen.

481 3818 614 3901 Explicit
635 3816 828 3899 horologium
852 3816 1014 3899 sapiencie.

241 4110 275 4181 (¹)
298 4116 476 4177 Ecliundisti
485 4151 529 4160 -
547 4112 581 4180 (2)
592 4115 626 4175 M
637 4115 740 4176 collare
750 4150 795 4160 -
805 4112 839 4180 (3)
851 4116 879 4176 G
889 4116 1092 4194 previlegiatus
1101 4150 1146 4161 —
1156 4112 1191 4181 (4)
1203 4114 1252 4174 GJ
1260 4114 1316 4172 illis

176 4196 210 4264 (5)
234 4201 335 4263 Genea.
356 4207 406 4278 48,
429 4207 474 4264 16.
495 4238 539 4248 -
561 4199 595 4268 (6)
616 4203 699 4263 Bvie
720 4237 765 4246 —
786 4199 821 4268 (l)
843 4203 1051 4264 Miacollatum
1075 4236 1120 4245 —
1141 4198 1176 4264 (8)
1197 4200 1251 4258 AF
1262 4199 1315 4259 de·

174 4288 304 4348 briantur
346 4290 562 4351 Pdeebrientur
594 4289 796 4351 Bdebrientur
839 4290 1055 4351 Minebriantnr
1070 4320 1114 4330 —
1136 4283 1170 4350 (9)
1191 4286 1315 4346 BMde·

171 4390 242 4432 care
264 4383 315 4435 tuo
360 4376 503 4438 Gdecorc
523 4412 568 4422 -
589 4372 641 4442 (10)
663 4377 776 4437 Arivis
797 4384 827 4437 et
847 4395 950 4455 regnas
993 4375 1048 4435 BD
1059 4376 1132 4435 vivis
1160 4382 1190 4435 et
1212 4393 1316 4452 regnas

170 4458 263 4536 deum
285 4479 355 4523 mou
375 4463 466 4540 Aper
487 4467 584 4525 omnia
604 4467 634 4523 in
656 4465 754 4526 secula
796 4463 868 4523 Min
889 4461 987 4523 monia
