3232 5130
1336 410 1373 473 ll

233 547 336 630 exegit
357 550 465 613 contra
485 546 621 628 seipsum
640 549 770 628 propter
789 547 952 628 peccatum
977 545 1060 626 quod
1087 544 1120 609 in
1142 562 1265 611 servum
1285 562 1377 612 suum

197 702 207 716 .
233 652 418 719 conmiserat
426 650 485 734 (1).
517 651 560 716 Et
580 650 620 716 de
638 649 766 716 muliere
784 649 933 715 'llrecuita
951 648 1106 731 sapiente,
1129 666 1189 730 que
1210 649 1251 713 ad
1270 667 1377 732 regem
1505 721 1507 725 ‚

232 756 353 821 intrans
372 755 406 819 in
426 772 559 836 persona
588 753 688 818 aliena
715 752 858 818 videlicet
880 753 1011 818 duorum
1024 749 1157 817 filiorum
1178 769 1304 817 suorum
1317 751 1375 835 (a),

233 859 370 924 animum
390 859 471 939 regis
492 858 533 923 ad
554 857 751 923 clemenciam
779 854 923 922 flectebat
935 855 995 940 (3).
1028 855 1166 937 Angelus
1189 874 1311 938 quoque
1336 856 1377 921 ad

234 962 384 1028 Thobism
404 963 526 1042 missus,
550 965 582 1027 et
602 961 641 1026 ab
664 979 700 1026 eo
716 961 853 1042 quesitus
873 960 941 1042 quis
963 964 1054 1040 esset,
1076 960 1237 1042 respondit
1250 979 1284 1026 se
1293 960 1377 1025 Ana-

233 1083 326 1149 nyam
345 1065 456 1131 Azan'e
476 1067 582 1147 magni
601 1063 698 1129 filium
721 1082 788 1129 esse
801 1063 859 1146 (4).
895 1063 961 1140 Quo
983 1063 1170 1137 omnianon
1192 1064 1316 1145 quidem
1337 1064 1378 1128 ad

232 1171 377 1249 litteram,
400 1170 456 1235 sed
477 1170 645 1235 secrmdum
666 1187 723 1234 sua
744 1168 867 1249 signata
875 1166 923 1251 (5)
945 1185 1020 1232 vera
1033 1165 1166 1231 inerunt.
1197 1167 1247 1232 Sic
1261 1173 1294 1231 et
1307 1185 1377 1248 pre-

234 1274 353 1339 dicator
368 1274 509 1355 egmgius
524 1272 681 1356 apostolus
692 1271 816 1351 Paulus,
840 1271 1058 1353 discipulorum
1070 1290 1197 1336 suorum
1213 1290 1378 1354 personam

233 1378 385 1457 induerat,
408 1395 479 1442 cum
500 1395 553 1442 eos
576 1376 727 1458 culpando
747 1375 882 1440 dicebat:
911 1375 979 1456 Ego
996 1393 1066 1440 sum
1084 1375 1207 1457 quidem
1216 1373 1264 1458 (6)
1279 1375 1377 1456 Pauli,

235 1501 292 1563 ego
314 1484 419 1546 autem
440 1481 591 1564 Appoll03
620 1498 722 1546 nonne
742 1478 882 1545 homines
905 1479 1001 1544 estis?
1031 1479 1074 1554 Et
1094 1479 1187 1561 paulo
1204 1483 1289 1561 post:
1311 1479 1379 1545 Hec

234 1584 335 1667 inquit
355 1582 467 1649 fratres
488 1583 705 1664 transfiguravi
725 1584 758 1647 in
779 1601 830 1648 me
848 1587 880 1648 et
892 1582 1036 1665 Appollo,
1058 1587 1187 1665 propter
1202 1602 1267 1663 vos,
1289 1583 1378 1647 utin

233 1688 321 1754 nobis
344 1688 468 1752 discatis
482 1686 540 1771 (7).
570 1687 668 1753 Porro
686 1687 778 1753 huius
799 1686 931 1768 figurate
942 1686 990 1770 (8)
1012 1686 1176 1752 locucionis
1198 1687 1318 1752 occulta
1328 1685 1377 1770 (9)

233 1793 371 1858 misteria
389 1791 517 1872 diligens
537 1790 636 1856 lector
656 1789 788 1856 facibter
808 1791 923 1872 poterit
934 1790 1004 1874 (10)
1027 1791 1203 1870 advertere,
1226 1791 1253 1856 si
1273 1795 1379 1856 tamen

233 1897 390 1963 sollertem
409 1912 515 1960 curam
525 1895 681 1961 studuerit
691 1894 845 1960 adhibere.
877 1894 940 1960 Oro
954 1899 1058 1960 autem
1080 1900 1111 1959 et
1132 1895 1270 1977 supplico
1291 1895 1379 1960 boni-

234 2005 331 2066 tatem
353 1999 418 2066 eius
439 1999 619 2078 inmensam,
643 1999 696 2080 qui
709 2017 760 2062 me
773 1998 855 2063 hunc
868 1998 1006 2064 laborem
1019 2017 1074 2064 suo
1097 2017 1135 2062 ex
1157 2002 1262 2065 amore
1275 1999 1379 2064 subire

235 2104 344 2186 coegit,
367 2104 406 2170 de
426 2104 523 2186 ipsius
537 2101 739 2186 pietatem)
763 2100 927 2182 confidens,
949 2106 987 2167 ut
1002 2103 1073 2184 quia
1086 2102 1265 2167 facultatem
1276 2121 1378 2168 meam

234 2209 395 2291 negocium
404 2206 464 2272 hoc
482 2206 629 2271 excedere
651 2206 816 2287 cognoscit,
838 2206 905 2287 ipse
927 2204 1080 2270 defectum
1101 2224 1205 2269 meum
1224 2207 1257 2269 in
1279 2205 1380 2271 cordi·

234 2313 292 2380 bns
312 2313 434 2397 piorum
455 2309 594 2394 bec(12)
615 2310 719 2391 legere
739 2308 911 2374 volcacium
937 2309 1096 2392 suppleat,
1125 2309 1185 2374 boc
1205 2309 1314 2389 modo,
1343 2313 1379 2374 ut

236 2418 335 2483 omnis
357 2416 411 2498 qui
431 2433 558 2497 presens
581 2414 762 2496 opuscadum
784 2431 854 2477 cum
874 2411 995 2477 sincera
1014 2413 1188 2477 intencione
1214 2412 1380 2496 perlegerit

235 2521 285 2589 vel
305 2521 453 2600 audierit,
487 2518 633 2584 baustum
662 2517 789 2583 alonim
818 2517 992 2582 devocionis
1023 2516 1072 2582 vel
1104 2517 1239 2599 aliquam
1267 2535 1379 2582 novam

236 2625 381 2692 divinitus
404 2624 547 2690 collatam
568 2623 626 2688 sibi
647 2622 783 2703 graciam
803 2621 876 2686 inde
896 2625 1057 2703 reportare
1074 2625 1238 2686 mereatur.
1260 2621 1380 2688 Adhuc

236 2734 341 2794 autem
362 2714 454 2794 etex
474 2731 564 2811 parte
585 2726 715 2807 legentis
736 2725 919 2808 requiritur,
953 2728 989 2790 ut
1017 2729 1118 2790 totum
1137 2725 1222 2790 istud
1242 2726 1379 2792 studiose

237 2835 324 2897 curet
333 2832 513 2915 perlegere(
518 2830 580 2913 13),
604 2834 711 2895 etnon
728 2831 843 2914 raptim
861 2849 943 2894 nunc
959 2828 1019 2895 hoc
1031 2830 1198 2895 nuncillud
1209 2831 1297 2913 quasi
1308 2848 1380 2895 con-

236 2934 415 3003 iecturando
424 2935 543 3000 nitatur
553 2934 726 3015 degustare.
757 2934 838 2999 Sane
848 2932 1050 3017 inperfectum
1060 2951 1164 2998 meum
1174 2937 1239 2998 tam
1250 2933 1380 3000 sciencie

237 3057 331 3121 quam
351 3039 414 3103 vite
433 3056 665 3119 recognoscens,
687 3038 773 3104 vobis
794 3039 876 3121 patri
897 3036 1030 3104 filiorum
1044 3038 1167 3103 amabili
1175 3036 1379 3122 Hugoni(14)

121 3166 132 3179 ·
237 3143 386 3224 magistro
419 3142 534 3209 ordinis
554 3142 783 3226 predicatorum
803 3143 970 3207 venerabili
990 3143 1049 3208 hoc
1071 3162 1148 3225 opus
1169 3143 1380 3208 transmittere

238 3247 351 3325 umam,
375 3245 428 3327 qui
441 3248 473 3310 et
486 3245 877 3329 auctoritateceteros(15)
896 3247 1070 3328 precellitis,
1093 3246 1253 3312 ethonore
1266 3247 1380 3329 magis-

237 3347 697 3433 teriitheoloyee(16)sciencie
709 3350 841 3433 polletis,
865 3354 897 3415 et
911 3351 994 3432 quod
1007 3348 1175 3416 hiismains
1186 3355 1243 3431 est,
1264 3351 1381 3416 lumine

238 3472 360 3537 quoque
382 3458 488 3519 eterne
504 3453 659 3536 sapiencie
679 3471 717 3520 ac
738 3454 825 3520 donis
847 3454 1056 3537 spiritualibus
1078 3455 1217 3536 preditus
1238 3455 1322 3534 estis,
1344 3458 1381 3518 ut

237 3559 341 3624 littere
352 3561 454 3624 vestre
468 3557 676 3625 exhortatorie
696 3559 772 3626 estis
794 3558 962 3637 declarant,
984 3557 1017 3621 in
1039 3558 1148 3639 quibus
1163 3556 1242 3623 filios
1253 3558 1380 3624 dilectos

238 3661 461 3728 ammonicione
481 3666 612 3745 paterna
633 3662 674 3727 ad
694 3665 850 3746 pacemet
863 3659 1032 3725 fraternam
1047 3661 1215 3740 caritatem,
1237 3660 1278 3724 ad
1290 3659 1381 3725 disci·

238 3765 465 3852 plinerigorem
476 3764 669 3832 etlervorem
680 3763 1166 3846 devocionisadconlormitatem
1173 3763 1378 3845 GristiJhesu,

306 3941 340 4009 (1)
355 3945 429 4019 Rep.
440 3943 483 4016 11,
504 3945 605 4003 12-
627 3938 661 4007 (1)
673 3943 752 4002 CDP
762 3960 878 4003 suorum
888 3942 1064 4003 liliorum-
1086 3938 1119 4007 (3)
1132 3942 1259 4018 Repll,
1280 3946 1381 4003 14.-

241 4028 275 4097 (4)
285 4032 356 4091 Tob.
367 4035 395 4104 5,
409 4032 508 4090 18.-
518 4023 669 4093 (⁵)FHJM
683 4029 843 4108 significata
870 4030 1032 4108 Bfigursta
1041 4063 1086 4074 —
1097 4024 1130 4093 (6)
1141 4029 1254 4088 ABMP
1265 4027 1381 4105 quidem

241 4136 305 4178 snm
322 4151 367 4162 -
389 4113 423 4182 (7)
436 4116 503 4176 Cor.
522 4115 551 4195 Ι,
573 4117 603 4189 3,
625 4119 654 4174 4.
675 4120 704 4191 4,
727 4119 755 4176 6.
775 4150 820 4160 -
842 4112 876 4181 (11)
898 4118 923 4176 ll
944 4117 1097 4194 figurative
1117 4149 1162 4160 -
1183 4110 1217 4180 (11)
1239 4116 1269 4176 Η
1285 4115 1382 4176 oculta

240 4239 285 4249 —
307 4199 359 4269 (10)
378 4204 405 4263 A
422 4203 527 4280 poterit
546 4202 666 4264 faciliter
699 4203 771 4262 CFP
789 4206 894 4279 poterit
913 4238 958 4248 -
987 4199 1050 4269 (11)-
1060 4202 1166 4262 BDLP
1181 4204 1309 4263 bonitate
1336 4235 1382 4248 -

242 4286 294 4357 (12)
306 4290 384 4350 ODP
398 4291 509 4352 hoc-
530 4283 581 4354 (13)
595 4289 643 4350 GP
656 4289 803 4368 perlegere
825 4298 959 4351 curet-
970 4286 1021 4354 (14)
1033 4291 1125 4366 liupo
1148 4291 1184 4349 de
1200 4291 1382 4350 Voucemoia

134 4429 142 4444 ,
241 4378 503 4438 Autissiodorensis
526 4378 658 4437 ordinem
672 4377 923 4438 Praedicatorum
943 4381 1021 4438 rexit
1041 4379 1245 4439 ress-1341.
1262 4411 1307 4422 —
1328 4372 1380 4441 (lb)

242 4462 272 4523 G
293 4465 394 4525 ceteris
413 4497 457 4509 -
479 4456 531 4527 (16)
552 4466 597 4524 ito
617 4462 661 4523 H:
684 4462 735 4524 EF
746 4462 888 4524 theoloicc
