3232 5130
1307 330 1368 393 139

233 481 301 547 Hoc
311 479 442 565 (1)sunt
463 480 523 546 due
545 480 632 564 olyve
652 481 789 563 speciose
816 485 848 546 et
873 481 1043 560 uberrime,
1071 479 1221 562 liquorem
1248 480 1367 562 gracie,

232 586 320 652 lactis
342 603 380 650 ac
400 585 513 666 mellis,
542 585 662 667 superis
691 603 728 650 ac
752 584 857 651 inferis
885 585 1101 668 propinantes:
1130 584 1269 651 Pomella
1288 585 1370 652 nivei

233 688 391 769 candoris,
421 706 480 770 que
501 706 521 752 a
541 689 653 771 spiritu
673 693 779 755 sancto
800 689 981 769 fecundata,
1007 689 1092 754 etin
1112 687 1195 770 ligno
1217 689 1300 771 quod
1322 692 1371 755 est

232 795 265 859 in
285 794 386 860 medio
407 793 551 877 paradysi
572 794 729 874 collocata
750 793 885 874 fructum
901 792 1130 859 inmortalitatis
1142 791 1303 859 conferunt
1316 793 1369 858 de-

232 900 365 979 gustata.
398 897 465 963 Hoc
476 897 524 981 (2)
535 902 608 964 sunt
628 898 711 962 mala
730 902 861 980 granata
878 916 981 978 aurea,
1003 896 1125 980 sperula
1143 915 1181 962 ao
1199 897 1274 981 lylia
1290 901 1370 963 tem·

232 1003 318 1085 plum
333 1002 519 1072 adomancia
528 1003 593 1068 veri
606 1001 777 1068 Salomonis
789 1001 853 1086 (3):
875 1001 1081 1090 Mandragore
1093 999 1246 1067 odorifere
1257 1001 1290 1066 in
1300 1006 1370 1068 orto

233 1107 410 1172 delicimum
430 1107 584 1188 plantate:
607 1106 696 1172 Botri
716 1107 875 1172 vinemum
895 1105 1038 1188 Engaddi
1048 1105 1114 1190 (4),
1144 1105 1287 1171 cordibus
1312 1106 1370 1170 mi-

233 1229 372 1277 sororum
392 1211 525 1276 leticiam
546 1210 752 1291 conferentes,
776 1215 808 1275 et
828 1210 989 1276 tristiciam
1010 1210 1207 1293 depellentes.
1240 1209 1371 1275 Meliora

233 1315 346 1396 quippe
367 1319 440 1380 sunt
459 1314 555 1380 ubera
575 1319 631 1379 tua
651 1315 731 1395 vino,
752 1313 927 1396 fragrancia
938 1313 987 1399 (5)
996 1315 1140 1397 ungentis
1161 1301 1294 1396 optimis.
1327 1313 1370 1378 Jn

232 1419 303 1484 vino
325 1413 459 1500 namque
480 1425 528 1485 est
548 1419 669 1484 luxmia
690 1424 722 1484 et
743 1419 908 1485 delectasio
937 1423 1070 1484 terrena.
1110 1419 1151 1483 Jn
1179 1418 1238 1484 biis
1266 1422 1372 1482 autem

232 1521 311 1588 fiolis
323 1521 370 1607 (6)
383 1522 484 1587 aureis
506 1523 752 1604 eoncupiscencie
772 1524 862 1588 noxie
883 1523 1059 1604 plenissima
1080 1522 1243 1603 extinccio,
1265 1525 1299 1587 et
1322 1538 1372 1585 oe·

233 1626 319 1691 lestis
341 1625 473 1706 quedam
495 1630 526 1690 et
553 1627 796 1709 supernaturalis
824 1626 999 1693 delectacio.
1032 1626 1127 1691 Novit
1155 1625 1209 1708 qui
1236 1624 1372 1706 gustavit

233 1748 326 1811 quam
348 1714 493 1821 citissime
515 1734 547 1794 et
568 1729 789 1811 perfectissime
811 1731 909 1797 omnis
930 1730 1072 1812 voluptas
1096 1729 1225 1796 carnalis
1237 1728 1370 1809 evanue,

233 1852 302 1899 cum
323 1834 363 1899 de
382 1833 462 1898 lacte
481 1820 657 1916 graciarum
678 1839 803 1901 tuarum
823 1838 982 1917 gustatum
1002 1833 1131 1919 fuito).
1166 1833 1217 1898 Ad
1231 1831 1371 1914 fragran-

233 1939 311 2004 ciam
333 1939 446 2020 quippe
467 1943 674 2019 ungentorum
695 1957 898 2021 supernorum
919 1928 1064 2004 'virulenti
1084 1941 1243 2021 serpentes
1271 1935 1373 2001 territi

232 2040 427 2124 fingebantur,
449 2046 482 2105 et
503 2043 654 2106 sustinere
675 2062 738 2108 non
758 2043 1104 2125 poterantpresenciam
1116 2045 1204 2105 tante
1217 2040 1371 2122 puritatis.

233 2145 360 2227 anleta
381 2149 456 2209 tunc
476 2145 652 2225 gaudebant
671 2147 805 2225 viscera,
834 2164 962 2210 munere
983 2145 1106 2211 insolito
1134 2130 1270 2209 saciata
1298 2143 1372 2207 Lin-

233 2268 301 2330 gwa
311 2247 359 2331 (8)
371 2248 494 2330 quidem
508 2248 670 2329 obmutuit,
691 2249 817 2331 spiritus
827 2267 901 2314 vero
913 2250 946 2313 in
959 2249 1083 2315 domino
1098 2247 1255 2321 exultavit.
1280 2245 1374 2312 Oculi
1495 2262 1500 2274 ’

233 2351 348 2418 flebant
369 2356 401 2416 et
423 2352 526 2418 dulces
546 2352 688 2419 lacrimas
712 2353 903 2420 deducebant
913 2351 972 2436 (9).
1007 2353 1050 2419 Os
1065 2357 1178 2417 autem
1198 2351 1281 2417 hunc
1299 2369 1371 2417 sru-

232 2457 390 2540 vissimum
411 2474 552 2539 saporem
574 2461 606 2522 et
631 2456 851 2524 divinissimum
879 2457 1029 2540 liquorem
1057 2457 1176 2523 diucius
1203 2460 1310 2522 tenere
1333 2458 1371 2521 et

231 2560 424 2643 frequencius
434 2561 590 2626 ruminare
601 2561 653 2644 pio
668 2563 826 2627 conamine
841 2561 1045 2628 contendebat
1056 2560 1137 2645 (10).
1176 2559 1372 2633 manabant·

233 2684 294 2751 que
315 2665 573 2731 omniainteriore
587 2666 705 2748 pariter
715 2666 874 2731 dioenciaz·
890 2667 1040 2744 Quoniam
1050 2666 1179 2731 meliora
1192 2664 1372 2738 srmoubera

232 2774 288 2834 tna
306 2770 393 2851 vino,
423 2769 596 2852 fragrancia
606 2769 677 2855 (11)
688 2771 830 2852 ungentis
852 2771 991 2853 optimis:
1019 2771 1079 2850 Qui
1098 2771 1242 2852 intelligit
1260 2768 1373 2835 intellln

232 2878 295 2956 gat.
330 2876 357 2941 0
378 2879 478 2940 mater
499 2875 683 2955 veneranda,
705 2875 792 2940 salva
812 2876 952 2957 geniture
972 2879 1027 2941 tue
1046 2876 1189 2942 videlicet
1203 2879 1308 2940 eterne
1322 2890 1372 2940 sa·

233 2979 352 3061 piencie
372 2980 511 3045 bonitate
531 2981 680 3059 inmensa,
704 2998 773 3044 cum
794 2980 853 3046 boc
872 2983 973 3046 totum
995 2980 1079 3064 quod
1100 2969 1195 3046 babes
1217 2980 1256 3046 ab
1272 2967 1318 3044 eo=
1331 2978 1373 3046 sit

234 3101 254 3147 a
275 3101 335 3164 quo
358 3101 448 3148 omne
468 3084 583 3149 bonum
592 3084 741 3165 procedit,
754 3084 968 3150 nichilominus
980 3089 1085 3150 tamen
1098 3085 1214 3167 aliqmd
1227 3067 1276 3150 est
1288 3082 1372 3165 quod

236 3186 354 3251 dulcius
377 3204 414 3251 ac
434 3187 557 3252 suavius
578 3188 715 3253 invenire
736 3186 1009 3272 sibi(1n)'videtur
1029 3189 1132 3254 anima
1151 3190 1279 3268 misera
1303 3205 1373 3260 cum

236 3288 277 3353 ed
298 3289 394 3355 ubera
414 3295 469 3356 tua
491 3290 628 3373 confugit
649 3292 809 3358 dulcedine
830 3297 863 3356 et
883 3293 987 3373 gracia
1007 3293 1108 3375 plena,
1130 3311 1223 3376 quam
1244 3290 1372 3358 eumad

233 3393 339 3458 vinum
367 3395 538 3476 spirituale
554 3397 671 3461 accedit
699 3395 782 3479 quod
810 3397 956 3479 propinat
981 3401 1095 3478 eterna
1116 3397 1278 3479 sapiencia.
1321 3393 1374 3469 Jbl

234 3515 367 3580 namque
387 3497 524 3580 perfecta
535 3497 605 3584 (13)
616 3501 748 3566 sentitur
768 3501 920 3580 suavitas3
942 3499 992 3566 hio
1012 3504 1117 3565 autem
1128 3501 1225 3564 mixto
1242 3497 1374 3581 quedam

235 3601 385 3667 acerbitas
412 3602 587 3685 percipitur.
621 3604 778 3686 Siquidem
803 3604 857 3670 illa
886 3606 993 3668 eterna
1020 3603 1173 3686 sapiencia
1184 3602 1254 3687 (14)
1264 3602 1373 3668 bacido

236 3706 456 3772 consolacionis
469 3708 588 3790 virgam
601 3709 758 3790 subiungit
770 3708 908 3774 districm
921 3706 1120 3810 comeocioms
1132 3707 1212 3791 (15).
1244 3708 1295 3773 En
1304 3723 1374 3772 ma·

301 3875 334 3946 (1)
356 3882 414 3941 AD
436 3882 554 3943 Hee-
576 3880 610 3949 (2)
632 3884 661 3946 A
682 3886 762 3962 Hee;
784 3903 856 3946 moa
877 3885 1010 3945 ADELP
1022 3885 1270 3963 malogranata-
1291 3879 1325 3948 (3)
1347 3883 1372 3942 F
1459 3901 1465 3914 ¹

235 3968 395 4029 Salomonis
420 4002 465 4014 —-
492 3965 529 4036 (4)
551 3971 602 4031 BL
623 3972 735 4049 Engsdi
763 4006 807 4017 -
835 3968 1083 4050 (btvusraglanoia
1124 3971 1145 4032 J
1155 3973 1309 4048 flagrancia
1328 4004 1373 4021 -.

236 4049 272 4120 (6)
296 4055 413 4133 ocyore
455 4056 625 4134 anessa
646 4059 817 4119 ornans
844 4059 964 4120 escun
995 4053 1372 4136 superans-(bonam

227 4142 333 4228 ,inerit3
356 4161 426 4204 moa
447 4142 557 4204 ΑΒΕΗ
566 4145 750 4222 fraglanoiam
795 4145 838 4207 CJ
849 4149 1033 4225 flagranoiam
1052 4179 1098 4190 -
1119 4140 1154 4211 (8)
1177 4145 1206 4205 L.
1222 4145 1316 4222 Ligus
1328 4176 1373 4191 --

237 4222 272 4294 (9)
294 4227 620 4298 seducebant-(10)
642 4232 717 4294 Anu
728 4228 1054 4299 contendebant-(¹1)
1076 4232 1270 4309 Afra'glancia
1302 4229 1372 4293 CFJ

236 4315 390 4392 flagrando
419 4351 464 4362 —
491 4315 544 4384 (12)
572 4319 680 4381 ADGJ
697 4321 752 4382 sibi
778 4322 905 4382 invemre
932 4353 976 4364 -
1002 4316 1054 4385 (13)
1084 4318 1158 4380 CLP
1172 4317 1298 4397 perfecte
1328 4352 1372 4367 -·

238 4395 289 4465 (14)
311 4401 388 4463 CHP
399 4407 544 4482 sapiencia
563 4412 661 4468 eterna
682 4434 724 4457 -ι-
746 4403 796 4473 (11)
819 4405 1152 4484 ABFGLoorrepcionis
1355 4439 1357 4442 ·
