3232 5130
241 501 281 562 50

300 631 434 696 Baculus
456 649 548 712 quem
569 648 620 695 me
641 634 767 712 portare
779 631 811 694 iu
825 629 934 695 habitu
947 631 1103 713 peregrini
1122 632 1236 712 vidisti,
1249 638 1384 700 mortem

117 754 120 759 ·
236 755 327 820 quam
349 736 382 799 in
403 753 493 799 cruce
514 734 628 815 pertuli
650 734 752 814 signat
764 733 830 817 (1):
854 751 946 815 quem
967 734 1000 798 in
1021 735 1145 816 signum
1166 739 1281 803 amoris
1306 735 1383 803 fide·

233 841 313 906 libus
334 837 455 920 prefero
467 836 533 920 (2),
563 841 600 902 ut
620 854 757 901 amorem
779 843 937 902 terrenum
959 838 1120 919 deserant,
1151 844 1184 904 et
1205 858 1239 905 se
1259 841 1293 905 in
1314 846 1382 908 toto

234 944 326 1010 corde
348 960 404 1006 suo
427 941 467 1004 ad
487 959 538 1005 me
560 945 752 1005 convertant.

300 1045 424 1110 Clamor
445 1062 536 1126 quem
558 1044 690 1122 audisti,
719 1045 869 1109 severitas
891 1048 940 1109 est
960 1045 1080 1110 iusticie
1101 1064 1171 1111 mee
1190 1064 1286 1129 super
1306 1047 1380 1128 hos,

235 1151 288 1233 qui
308 1167 366 1214 nec
386 1149 498 1213 timore
519 1164 577 1211 neo
598 1165 704 1211 amore
726 1148 890 1229 conpuncti
904 1154 1033 1230 peccata
1048 1150 1204 1229 dosemnt,
1219 1151 1275 1215 sed
1291 1152 1323 1215 in
1336 1152 1381 1218 eis

233 1253 432 1336 pertinaciter
452 1270 550 1332 usque
572 1251 613 1315 ad
633 1242 766 1316 mortem
787 1238 968 1333 persistent.
1005 1253 1266 1320 DISCIPULUS:
1297 1256 1380 1319 Dum

233 1358 290 1422 hec
311 1359 431 1420 attento
455 1354 547 1419 corde
562 1354 663 1434 audio,
687 1359 719 1418 et
733 1355 778 1419 ita
793 1373 861 1420 esse
873 1357 1024 1421 veraciter
1038 1375 1188 1438 cognosco
1200 1357 1259 1441 (3),
1281 1359 1379 1440 magis

232 1460 306 1525 flere
327 1460 403 1524 libet
424 1476 518 1539 quam
540 1457 656 1538 aliquid
668 1456 716 1541 (4)
730 1458 841 1525 dicere.
876 1459 951 1536 Quis
973 1461 1054 1523 enim
1076 1479 1139 1526 non
1159 1461 1280 1542 lugeat,
1310 1463 1380 1544 quis

232 1584 295 1629 nou
315 1563 417 1655 ploret
438 1566 470 1626 et
484 1561 681 1641 ingemiscat,
705 1560 812 1627 videris
827 1563 962 1644 virgulta
975 1568 1058 1641 nata,
1077 1569 1109 1627 et
1121 1563 1255 1628 frutecta
1267 1566 1299 1629 in
1312 1571 1378 1630 tam

232 1672 338 1734 sancto
359 1668 426 1730 loco
443 1666 570 1730 suborta
582 1664 640 1748 (5),
664 1664 780 1731 Videns
793 1667 949 1747 primitive
972 1667 1103 1732 civitatis
1125 1668 1302 1749 splendidos
1324 1671 1378 1735 de-

232 1772 317 1836 licias
339 1775 371 1834 et
385 1768 562 1850 spirituales
574 1769 708 1847 divicias,
720 1769 822 1849 gracie
834 1770 963 1850 copiam,
976 1761 1131 1836 unccionis
1143 1775 1176 1835 et
1193 1772 1376 1854 devocionis,

231 1880 264 1940 et
285 1874 421 1938 omnium
449 1872 652 1936 karismatum
682 1873 855 1939 divinorum
876 1872 1138 1955 habundanciam,
1166 1895 1250 1941 nunc
1272 1882 1377 1942 autem

231 1978 367 2059 inopiam
377 1981 497 2040 tantam
506 1976 521 2038 1
531 1976 687 2047 Modicum
702 1978 814 2057 gracie,
828 1977 948 2047 malicie
960 1977 1008 2060 (6)
1019 1979 1195 2060 plurimum.
1226 1980 1300 2058 Quis
1313 1999 1376 2045 uon

231 2082 366 2163 suspiret
384 2084 420 2143 et
440 2097 497 2162 pre
519 2079 632 2166 dolore
647 2080 813 2144 exclamet:
837 2079 907 2153 Heu
929 2083 1083 2163 quomodo
1106 2083 1194 2149 sedet
1215 2084 1281 2150 sola
1303 2085 1376 2149 civi-

231 2189 280 2250 tas
294 2185 387 2267 plena
399 2182 524 2264 populo.
554 2182 597 2246 Et
610 2183 703 2246 illud:
727 2184 888 2261 Quomodo
903 2185 1099 2250 obscuratum
1113 2192 1161 2252 est
1174 2204 1293 2267 aurum,
1307 2207 1376 2252 mu·

230 2295 314 2379 tatus
337 2292 384 2353 est
406 2287 491 2352 color
512 2287 646 2368 optimus
659 2287 717 2370 (7).
744 2287 856 2352 -Durus
877 2288 968 2354 valde
989 2294 1037 2355 est
1051 2295 1106 2354 aut
1118 2291 1166 2375 (8)
1176 2292 1374 2372 irreligiosus,

231 2395 283 2476 qui
303 2393 361 2457 hec
383 2392 517 2472 dampna
539 2384 702 2470 diligenter
723 2392 896 2472 perpendit,
919 2397 952 2456 et
973 2412 1035 2459 non
1053 2412 1095 2458 ex
1115 2399 1183 2459 toto
1204 2395 1298 2461 corde
1321 2413 1374 2475 ge-

231 2499 297 2564 mit.
329 2496 372 2561 Et
394 2513 466 2560 ecce
487 2495 620 2558 materia
641 2493 883 2577 indus-tristicie
904 2501 936 2560 et
957 2495 1048 2561 flotus
1070 2503 1210 2578 augetur,
1226 2499 1299 2562 dum
1312 2500 1374 2562 iam

229 2607 314 2668 totus
335 2599 468 2664 mundus
489 2598 522 2662 in
543 2597 678 2678 maligno
699 2599 819 2679 positus
842 2582 1028 2680 conspicitur
1039 2600 1098 2683 (9),
1121 2605 1153 2664 et
1175 2600 1271 2665 hostis
1294 2602 1375 2663 anti·

230 2725 309 2788 quus
331 2704 598 2785 appropinquante
621 2702 686 2766 eius
699 2703 841 2781 termino,
856 2708 977 2794 tantum
991 2703 1149 2784 prevalere
1163 2703 1246 2784 apud
1260 2702 1373 2767 multos

231 2809 388 2875 evidenter
410 2807 612 2886 cognoscitur.
648 2805 884 2870 SAPIENGIA:
907 2806 1009 2869 Nichil
1029 2807 1085 2869 tibi
1110 2807 1151 2871 ad
1178 2824 1305 2888 presens
1334 2807 1373 2870 de

232 2916 291 2981 hiis
314 2912 366 2994 qui
379 2910 448 2993 (10)
460 2908 534 2972 foris
558 2913 646 2988 sunt,
678 2909 784 2990 quiin
805 2908 916 2989 plateis
938 2892 1009 2974 aras
1031 2907 1189 2988 edificant,
1213 2914 1245 2973 et
1266 2924 1373 2975 carnes

230 3018 336 3084 suillas
363 3012 631 3096 ymmolant(ll),
663 3014 715 3093 qui
732 3013 776 3076 in
805 3013 888 3077 omni
916 3013 993 3077 colle
1015 3013 1137 3077 sublimi
1158 3017 1191 3077 et
1210 3013 1267 3078 sub
1290 3014 1373 3078 omni

180 3187 181 3190 ,
228 3123 313 3201 ligno
326 3118 395 3201 (12)
406 3116 550 3181 frondoso
572 3134 606 3180 se
619 3116 762 3197 inpudice
775 3121 975 3198 prosternunt
987 3117 1067 3201 (13).
1098 3118 1146 3181 De
1159 3117 1250 3182 huius
1267 3117 1374 3181 mundi

231 3224 347 3307 apertis
360 3220 526 3285 cultoribus
547 3220 666 3303 loquor,
690 3219 928 3301 qui‘manifesta
949 3226 1085 3302 peccata,
1109 3220 1269 3300 adulteria,
1291 3219 1374 3284 furta

219 3335 263 3395 et
283 3328 393 3393 similia
406 3326 587 3390 conmittere
600 3329 839 3388 1111111111.-
870 3324 931 3388 Sed
944 3325 1095 3389 excidium
1111 3325 1248 3389 civitatis
1257 3328 1372 3403 sancte,

230 3433 383 3500 defectum
403 3428 626 3511 videlicet(14)
637 3426 765 3492 fervoris
787 3429 941 3508 primitive
970 3429 1125 3509 religionis
1153 3433 1186 3493 te
1214 3430 1303 3511 cupio
1332 3428 1373 3492 ud

230 3559 284 3605 cor
304 3539 428 3620 ponere,
452 3538 483 3597 et
503 3533 554 3615 pie
577 3530 699 3609 deflere,
723 3535 816 3611 atque
837 3550 895 3611 pro
917 3533 981 3596 eius
1004 3533 1233 3598 restauracione
1244 3552 1281 3596 ac
1292 3533 1372 3597 bono

228 3649 312 3711 statu
335 3636 492 3706 oraciones
507 3637 547 3699 ad
563 3636 655 3700 deum
671 3628 1108 3717 1111111111(15)111111111111.
1138 3636 1295 3717 Siquidem
1305 3637 1373 3717 ipsa

231 3753 278 3813 est
300 3746 405 3811 civitas
427 3759 521 3822 supra
532 3739 601 3822 (16)
614 3743 751 3803 montem
773 3738 889 3819 posita3
911 3738 1037 3803 lucerna
1050 3739 1372 3820 supercandelabrum

292 3866 329 3933 ill
352 3864 629 3940 BFHMsignificat.
653 3865 725 3931 Mox
748 3880 832 3937 quern
857 3862 948 3922 cGL:
978 3867 1064 3921 ceteri
1086 3882 1173 3938 quam
1200 3897 1245 3907 -
1267 3859 1300 3928 (²)
1324 3862 1371 3922 ΟΡ

230 3958 341 4034 prefero
363 3953 494 4011 fidelibus
514 3983 559 3992 —
581 3946 613 4012 (3)
637 3949 689 4006 AL
701 3952 842 4008 veraciter
863 3967 926 4008 esse
947 3967 1074 4026 agnosco
1100 3982 1145 3993 --
1173 3946 1207 4015 (⁴)
1231 3948 1372 4025 Galiquid

231 4044 307 4105 aliud
352 4038 464 4098 Paliud
485 4070 529 4078 —
551 4031 584 4097 (5)
608 4036 744 4094 Mucloob.
765 4037 796 4108 1,
825 4039 859 4107 4,
889 4039 938 4096 38.
964 4070 1009 4079 -
1031 4031 1064 4100 (d)
1086 4036 1372 4113 1111111111-

231 4129 264 4197 (7)
289 4131 395 4188 dloren.
423 4128 455 4195 4,
485 4126 509 4181 l.
537 4155 582 4164 —
604 4115 637 4184 (8)
661 4120 709 4178 ΟΡ
721 4130 765 4180 est
792 4121 877 4180 valde
906 4129 956 4181 aut
999 4121 1075 4182 Jest
1096 4122 1180 4182 valde
1203 4141 1238 4182 ac
1281 4122 1309 4179 A
1322 4130 1373 4181 aut

230 4218 373 4279 valde—
395 4208 428 4275 (9)
450 4210 544 4267 Joan.
564 4208 590 4278 1,
613 4211 640 4280 5,
662 4211 707 4265 19.
721 4241 765 4251 —-
787 4204 838 4271 (10)
860 4213 904 4266 ita
925 4208 1082 4267 FGHLM:
1105 4212 1279 4284 ceterique.
1305 4209 1372 4268 Cor.

230 4306 256 4377 1,
278 4308 305 4378 5,
327 4306 435 4360 11-
457 4291 508 4356 (1¹)
531 4293 668 4352 Marnao.
688 4293 714 4364 Ι,
736 4297 760 4364 1,
783 4295 896 4366 5111,
918 4298 966 4368 10,
988 4299 1074 4352 2.—
1096 4289 1147 4358 (12)
1170 4295 1306 4371 Alingno
1327 4327 1372 4337 —

231 4386 282 4455 (13)
303 4390 413 4447 ,larem
435 4385 469 4455 2,
497 4383 613 4439 21-
634 4375 686 4443 (14)
710 4377 757 4438 GJ
769 4379 969 4456 defectumque
1012 4380 1195 4440 Hdelectum
1215 4399 1310 4456 neque
1347 4381 1371 4440 O

207 4474 277 4535 'vel
305 4473 447 4532 deiectum
491 4464 673 4526 Adeieetum
701 4498 746 4508 -
774 4461 826 4530 (15)
855 4466 994 4527 BCDFM
1002 4465 1122 4526 fundere
1148 4500 1193 4510 -
1222 4463 1273 4532 (16)
1296 4466 1372 4527 ΒΕ]

228 4577 329 4636 super3
354 4556 449 4630 poulo
466 4558 536 4626 post
556 4552 679 4628 Bsupra
