3232 5130
1274 372 1277 378 ·
1310 353 1371 424 107

235 497 344 564 sitatis.
360 499 417 575 est,
440 494 586 561 honestas
608 493 795 583 volatilitas
816 443 891 560 esse*
906 493 945 559 ab
967 493 1041 576 ipsis
1063 512 1144 560 vana
1159 493 1282 560 racione
1301 512 1373 573 con-

235 600 381 678 tenditur,
405 598 479 663 dum
500 598 558 664 hoc
579 598 628 664 vel
650 598 746 679 gratis
762 597 855 664 datur
868 597 918 665 vel
932 597 986 663 diu
1003 598 1116 678 durare
1128 598 1286 681 probatum
1312 597 1374 672 Sed
1475 624 1476 632 ¹

234 703 420 786 prochdolor
440 701 557 787 hec(l)
570 706 618 768 est
637 701 806 784 prudencia
827 701 982 782 secularis,
1005 702 1161 784 sapiencia
1173 700 1375 767 animalisvel
1464 717 1466 723 ·
1503 713 1505 718 “

235 804 470 891 dyabolicae),
501 806 575 871 dum
596 806 713 871 utilitas
735 805 914 888 temporalis
935 806 1016 871 bono
1038 805 1193 888 prefertur
1213 804 1374 888 spirituali.

234 910 314 988 Quid
333 910 429 993 igitur
449 908 541 975 faciet
561 910 690 993 pusillus
712 928 804 992 grex,
819 909 954 1003 ‚vascua
976 907 1161 989 infirmiora,
1183 927 1274 974 sexus
1295 907 1376 974 scili·

182 1095 184 1100 ¹
234 1018 284 1079 cet
295 1013 342 1098 (3)
353 1013 511 1095 femineus,
535 1033 605 1079 cum
626 1014 760 1081 viderint
779 1014 882 1078 viriles
904 1013 1022 1077 animos
1044 1012 1085 1076 ad
1107 1012 1184 1078 tales
1205 1030 1304 1094 nugas
1322 1012 1376 1078 de·

235 1119 372 1185 dumosa
403 1118 519 1202 Utique
548 1118 623 1183 dum
646 1122 731 1184 cetus
757 1116 1046 1206 pastorum(4)per
1067 1117 1200 1199 abrupta
1215 1115 1374 1198 graditur,
1487 1162 1489 1168 -

234 1241 359 1288 necesse
380 1227 428 1290 'est
440 1223 532 1307 (alin
553 1219 751 1305 precipicium
773 1240 849 1303 grex
869 1224 1026 1303 sequatur.
1059 1220 1238 1303 Antiquitus
1251 1239 1313 1287 non
1326 1240 1377 1287 so·

233 1327 297 1393 lum
318 1325 433 1421 fiebant
454 1326 685 1409 exhortaciones
698 1325 746 1409 (6)
759 1325 798 1391 de
818 1317 997 1391 recusans
1019 1325 1060 1390 ad
1081 1325 1222 1409 salutem,
1236 1325 1291 1391 sed
1308 1328 1376 1391 toto
1503 1382 1509 1395 .

233 1417 325 1514 posse
347 1449 441 1513 opera
463 1430 744 1513 supererogationis
767 1429 1008 1510 extollebantur3
1032 1433 1064 1494 et
1077 1429 1138 1494 hec·
1152 1429 1276 1511 pietatis
1290 1447 1377 1495 exer·

234 1536 309 1601 nicia
329 1525 724 1614 fidelibus'swadebantur,
755 1537 914 1615 tamquam
936 1551 973 1598 ea
993 1533 1051 1615 p'er
1072 1550 1132 1616 quo
1153 1533 1246 1599 saluti
1271 1521 1377 1600 ncces-

232 1639 315 1704 saria
328 1638 485 1704 remedius
500 1637 750 1720 acquirebantur,
774 1629 806 1701 'et
824 1637 977 1719 acquisita
989 1637 1255 1703 conservabanth
1287 1637 1378 1721 Nune

232 1761 305 1808 vero
326 1742 465 1824 plerique
478 1739 526 1825 (7)
539 1741 615 1805 talia
636 1740 762 1827 silencio
784 1744 964 1829 transeunt,
993 1741 1137 1823 timentes
1159 1759 1199 1806 ne
1219 1742 1246 1807 si
1265 1741 1378 1824 lingua

232 1847 316 1911 alind
345 1863 437 1927 quam
465 1845 533 1910 vita
560 1843 702 1926 donaret,
732 1849 839 1911 notam
867 1844 1070 1911 inhonestatis
1098 1845 1298 1910 incurrerent.
1335 1845 1378 1909 Et

213 1938 317 2033 'quod
335 1938 564 2032 dampnabilius'
586 1954 643 2028 est,
666 1967 728 2014 non
751 1949 856 2015 solum·
873 1950 954 2014 enim
966 1947 1014 2033 (8)
1025 1949 1084 2014 hec
1104 1949 1271 2014 admodum
1291 1948 1381 2013 utilia

233 2054 416 2132 obmittunt,
447 2053 503 2116 scd
525 2056 556 2115 ct
578 2043 615 2141 ea
636 2050 818 2118 facientibus
840 2070 877 2116 ac
898 2053 1103 2139 suadentibus
1124 2051 1284 2122 molestias¹
1302 2069 1378 2133 quas

232 2160 362 2239 possunt
382 2153 495 2219 inferre
516 2173 579 2219 non
603 2154 765 2220 desistunt.
799 2156 849 2221 Sic
865 2155 1037 2220 lhcremias
1051 2159 1175 2219 sanctus
1191 2147 1379 2220 eversionem

232 2258 356 2326 Jsranel
376 2262 507 2340 propter
527 2259 782 2341 peccata'populi
810 2258 842 2322 in
869 2258 1010 2340 proximo
1038 2256 1174 2322 futuram
1200 2258 1376 2339 predicens,

235 2361 309 2427 dum
330 2361 499 2426 kathenam
520 2359 657 2443 ligneam
678 2361 765 2426 iussn
787 2360 903 2426 domini
926 2361 970 2426 eis
992 2361 1153 2426 obtulisset
1164 2360 1228 2445 (9),
1250 2365 1287 2426 ut
1305 2360 1379 2427 faci·
1491 2353 1495 2364 '

234 2466 293 2532 lius
316 2482 369 2532 eos
391 2466 432 2531 ad
451 2465 656 2548 penitenciam
671 2482 796 2530 movere
812 2447 927 2547 posset,
940 2464 1010 2531 falsi
1022 2464 1173 2547 prophete
1185 2467 1379 2548 obstiterunt,

235 2575 268 2637 et
289 2589 360 2636 eum
381 2570 488 2636 multis
512 2567 689 2636 afficientes.
701 2569 830 2649 iniuriis,
852 2568 1004 2645 kathenas
1025 2570 1142 2652 ligneas
1156 2569 1379 2653 condegerrmt,

235 2675 387 2742 dicentes:
409 2673 476 2740 Pax
497 2674 573 2740 Pan.
606 2674 649 2738 Et
670 2692 732 2741 non
748 2678 816 2740 erat
828 2675 983 2760 pax(10).
1013 2674 1180 2757 Nonnede
1193 2675 1379 2758 hocoptime
1431 2661 1435 2672 ’

235 2779 432 2863 prophetavit
443 2781 495 2863 qui
506 2779 643 2845 dicebat:
657 2779 717 2857 Qui
727 2779 855 2844 minima
864 2779 1002 2861 negligit,
1013 2780 1164 2863 paulatim
1174 2777 1380 2862 defluit(1·1)?
1409 2849 1411 2856 ¹

187 2943 192 2947 ,
235 2880 380 2950 Ethunc
401 2882 533 2950 flebilem
556 2882 711 2949 defectum
732 2883 876 2950 invenies*
890 2873 953 2950 non
975 2880 1074 2950 soluiir
1091 2883 1137 2955 in·
1149 2881 1379 2968 hiisquivelud

236 2989 339 3072 aquila
361 2990 471 3056 octaris
492 2989 525 3054 in
548 2989 725 3071 cognicione
739 2989 835 3054 alcius
849 2989 970 3056 volasse
987 2979 1302 3073 eognoscrmtur(12)‚
1324 2986 1381 3054 sed

238 3097 270 3158 et
288 3092 447 3158 verissime
468 3092 500 3185 in
521 3091 618 3159 vitrdo
641 3093 751 3175 tipioo,
778 3091 864 3176 quod
876 3092 945 3177 (13)
958 3111 993 3159 se
1021 3092 1213 3174 specietenus
1234 3091 1382 3157 humilem

238 3200 270 3262 et
290 3195 432 3262 servilem
446 3214 611 3286 personam
625 3196 788 3263 ostendere
804 3200 1018 3263 consueverat.
1049 3195 1265 3278 Copiosissime
1275 3197 1380 3259 autem

236 3299 269 3366 in
289 3299 394 3381 leone,
424 3300 478 3382 qui
498 3301 603 3382 rugitu
624 3304 656 3366 et
678 3296 867 3367 clamoribus
882 3320 973 3367 aures
996 3300 1166 3365 catulorum
1187 3311 1314 3368 suorum
1333 3299 1381 3363 in·

237 3405 323 3494 plere
346 3404 458 3470 dicitur
479 3405 511 3469 in
533 3423 640 3471 eormn
654 3394 867 3472 suscitacione.
899 3405 1049 3483 Quartum
1064 3408 1168 3468 autem
1181 3394 1296 3469 animal
1308 3401 1382 3466 mis·

238 3508 298 3574 tice
321 3513 490 3591 acceptum,
514 3510 630 3576 sedicet
651 3510 760 3589 homo,
789 3508 907 3603 diutina
927 3508 999 3572 iam
1011 3504 1185 3571 defeccione
1205 3507 1238 3571 in
1258 3508 1380 3569 tantum

238 3612 427 3678 infirmatum
449 3619 505 3696 est,
528 3619 564 3679 ut
585 3616 625 3680 de
647 3633 684 3680 eo
706 3615 768 3679 iam
792 3611 879 3696 quasi
901 3610 1098 3694 desperatum
1120 3629 1188 3675 esse
1208 3609 1309 3675 nullus
1324 3609 1381 3676 du-.

237 3719 331 3783 bitet:
363 3719 416 3800 qui
437 3722 502 3783 tam
523 3717 685 3784 manifeste
706 3717 791 3783 videt
812 3715 974 3798 quodsibi
994 3714 1102 3779 illicita
1121 3715 1234 3780 liceant
1255 3717 1379 3794 rimata,
1506 3786 1508 3791 ,

240 3825 272 3888 et
294 3823 411 3904 absque
433 3822 544 3888 timore
565 3823 702 3889 ambulet
722 3820 905 3906 postcordis
920 3820 968 3887 sui
982 3819 1143 3894 desideria
1175 3801 1286 3884 'Cetera
1305 3835 1381 3900 quo·
1468 3904 1470 3909 Δ

241 3945 300 4009 que
319 3930 473 4006 creature,
496 3926 528 3991 in
550 3927 648 3994 antris
669 3930 702 3992 et
723 3927 806 3994 silvis
828 3940 967 3992 scorsum
982 3928 1205 4003 conmorantos,
1220 3921 1380 4028 -curiisque
1468 3929 1471 3936 '

304 4080 338 4150 (l)
361 4082 484 4146 CMhoc
504 4119 549 4130 -
571 4081 604 4152 (²)
626 4087 695 4164 Joc.
717 4091 745 4160 3,
767 4090 811 4146 15.
831 4121 876 4148 -,
898 4081 931 4151 (3)
954 4084 1008 4145 ΑΕ
1019 4083 1152 4144 videlicet
1182 4116 1226 4125 —
1247 4076 1281 4146 (4)
1303 4080 1379 4140 Bau

240 4190 325 4232 cecus
346 4179 444 4249 pastor
464 4205 509 4216 —
530 4168 564 4237 (5)
586 4173 852 4234 DGJLMneoesse
881 4178 925 4233 est
952 4180 986 4232 ut
1036 4173 1190 4232 Boaccsse
1218 4202 1262 4252 ,-
1290 4162 1380 4231 (sslE

241 4262 435 4321 exortacionea
455 4293 500 4303 -
520 4255 555 4325 (⁷)
577 4260 782 4340 Eplurimique
810 4294 854 4304 -
875 4254 909 4324 (8)
932 4259 1049 4320 CLnon
1071 4260 1145 4318 enim
1168 4255 1261 4316 solum
1305 4253 1400 4314 DJPx

240 4364 297 4405 non
319 4346 410 4406 solum
432 4381 475 4390 —
497 4342 531 4412 (9)
553 4347 749 4409 Eobtullisset
768 4381 812 4391 -
834 4342 885 4412 (10)
907 4347 1017 4406 chm.
1045 4348 1091 4404 27.
1128 4346 1177 4403 28.
1199 4347 1234 4416 6,
1263 4345 1307 4403 14.
1334 4375 1379 4387 -

242 4428 292 4522 (ll)
314 4433 400 4493 Eccli.
423 4437 467 4507 19,
489 4437 512 4493 l.
534 4469 577 4478 -
599 4430 650 4500 (Ῑῖ)
674 4437 763 4512 Apoc.
785 4438 815 4508 4,
838 4436 864 4493 7.
885 4466 929 4477 -
951 4428 1001 4496 (¹3)
1026 4432 1100 4492 Deo
1119 4431 1200 4508 quod
1243 4430 1380 4506 BLPqui
