3232 5130
1309 362 1367 424 141

233 505 269 565 tu
295 517 367 582 spes
395 503 427 564 et
454 497 602 564 solacium
631 496 755 562 unicum
783 496 846 563 vite
874 514 952 562 mee.
987 494 1064 561 Cum
1092 499 1175 562 totus
1199 495 1316 562 dedeo
1339 499 1372 561 et

234 604 333 689 de‚(l)
343 605 460 685 meipso
482 603 628 684 despero:
650 602 683 665 in
703 605 736 666 te
750 601 923 682 cogitando,
947 604 979 664 te
996 600 1261 680 conmemorando,
1284 601 1371 682 quusi

234 710 273 775 de
292 707 536 791 profundissimis
557 706 691 772 tenebris
712 705 867 772 reviviscit
888 706 1015 788 spiritus
1037 723 1133 770 meus.
1168 704 1216 769 dn
1244 723 1277 770 es
1305 705 1371 787 glo-

233 812 386 896 riacioqa)
399 829 477 890 mea,
500 810 583 876 solus
604 810 704 876 honor
725 814 757 874 et
776 811 841 875 vita
861 827 941 874 mea.
971 808 1033 876 Sed
1053 808 1137 874 unde
1157 808 1251 873 michi
1267 807 1370 892 bocO

233 934 303 998 spes
323 902 414 979 mea?
446 914 598 979 Nimirum
620 914 692 995 quia
713 914 827 978 multos
848 912 943 978 habes
965 913 1091 978 dilectos
1104 910 1192 992 filios,
1215 931 1292 994 quos
1309 912 1371 978 sal-

232 1037 307 1085 vare
321 1019 436 1100 poterit
448 1037 505 1082 sua
519 1017 705 1096 innocencia,
728 1017 838 1098 quibus
852 1016 979 1098 propria
992 1019 1161 1098 suppetunt
1172 1016 1253 1081 buna
1266 1035 1369 1098 opera,

234 1124 286 1205 qui
307 1122 408 1188 dicere
429 1127 560 1205 possunt
581 1140 650 1190 cum
671 1122 741 1187 vire
760 1122 857 1186 iusto:
879 1120 989 1202 Neque
1006 1137 1153 1202 umquam
1173 1121 1372 1203 reprehendit

233 1245 284 1292 me
305 1245 358 1293 cor
378 1244 481 1291 meum
502 1226 535 1290 in
556 1226 640 1291 omni
660 1226 724 1291 vita
745 1243 815 1316 mea
826 1222 885 1308 (3).
919 1223 946 1288 Ο
967 1241 1071 1289 meror
1091 1227 1124 1288 et
1144 1223 1245 1290 luctus
1271 1224 1371 1291 cordis

233 1332 295 1396 mei
304 1331 470 1395 inmensus.
495 1328 542 1414 (4)
565 1329 666 1394 Mater
681 1329 865 1408 dulcissima,
879 1332 980 1393 mater
993 1331 1109 1408 nostra,
1122 1327 1234 1394 Mater
1245 1329 1371 1409 inquam

232 1439 340 1500 nostra
360 1434 556 1516 singuderiter
578 1434 630 1515 qui
650 1433 755 1503 miseri
775 1437 952 1519 peccatores
974 1451 1097 1498 sumus:
1127 1431 1175 1496 Tu
1203 1433 1263 1498 scis
1288 1433 1372 1514 quod

232 1543 300 1604 totu
320 1539 384 1604 vita
404 1556 475 1603 mea
496 1542 544 1603 est
564 1537 761 1620 reprehensio
782 1555 870 1619 pura.
902 1537 952 1601 En
974 1538 1096 1618 respice
1109 1555 1203 1618 super
1216 1535 1371 1603 infirmum

233 1649 330 1709 tuum.
365 1642 436 1707 Non
457 1660 526 1707 sum
538 1640 586 1725 (5)
598 1634 708 1722 dignus
729 1641 833 1706 vocari
845 1637 925 1706 filius
940 1644 1021 1705 tuus.
1053 1641 1117 1706 Fac
1129 1640 1222 1706 michi
1233 1639 1282 1724 (6)
1292 1641 1372 1706 sieut

232 1749 286 1812 uni
308 1765 346 1812 ex
358 1745 405 1831 (7)
417 1747 537 1812 miseris
560 1746 674 1826 egrotis
696 1745 767 1810 tuis.
801 1744 976 1810 Recordare
997 1745 1050 1826 pia
1070 1749 1179 1825 mater,
1202 1744 1286 1826 quod
1305 1764 1372 1810 ma·

231 1857 295 1917 tres
317 1869 389 1917 suos
410 1848 513 1915 fovere
534 1850 635 1916 solent
656 1849 817 1915 sollicidus
840 1853 979 1930 egrotos,
1003 1849 1108 1931 eisque
1130 1849 1252 1931 conpati
1272 1844 1386 1930 magis

232 1959 264 2020 et
285 1955 512 2037 diligenciorem
533 1954 677 2019 adhibere
699 1971 813 2019 curam.
847 1952 916 2018 Tibi
933 1953 1096 2020 derelictus
1110 1959 1158 2019 est
1171 1972 1305 2036 pauper;
1322 1973 1373 2020 or·

232 2059 335 2141 phano
357 2063 393 2123 tu
414 2059 474 2123 eris
496 2058 630 2123 adiutrix
641 2057 700 2140 (8).
734 2056 802 2121 Tibi
818 2061 894 2122 nota
905 2062 978 2122 sunt
991 2057 1119 2122 vulnera
1132 2076 1202 2122 mea
1213 2058 1261 2141 (9)
1272 2062 1374 2124 mater
1410 2077 1412 2079 ·
1495 2044 1500 2095 ³
1574 2121 1577 2130 .

232 2164 293 2245 pia.
325 2159 472 2228 Jnfirmos
494 2163 530 2224 tu
550 2161 650 2239 visita,
672 2163 810 2224 mortuos
831 2162 990 2239 resuscita,
1013 2165 1045 2224 et
1067 2161 1107 2224 da
1128 2162 1233 2226 mestis
1248 2161 1371 2227 solacia.
1453 2180 1455 2186 ·

232 2265 390 2330 Accedant
410 2263 451 2328 od
472 2263 625 2345 sapiencie
645 2262 769 2341 inmens
782 2262 835 2342 qui
855 2263 935 2327 iuste
957 2267 1106 2328 etsancte
1120 2264 1272 2328 vixerrmt.
1301 2265 1372 2330 Heu

234 2385 293 2432 me.
326 2368 394 2449 Ego
416 2371 519 2431 cutem
531 2366 600 2449 (10)
611 2367 705 2432 miser
725 2369 878 2447 peccator,
898 2365 1031 2433 lacnmis
1044 2372 1129 2433 totus
1142 2367 1294 2450 perfusus}
1309 2371 1372 2437 sub

233 2476 320 2536 tuum
336 2472 563 2554 proteceionem
576 2469 727 2552 confugio,
741 2488 804 2534 non
818 2469 934 2535 audens
947 2469 1017 2554 (11)
1028 2471 1068 2536 od
1082 2473 1272 2553 presenciam
1285 2479 1373 2540 tante

233 2576 309 2641 lucis
330 2575 432 2642 nudus
452 2579 485 2669 et
506 2592 621 2656 egenus
650 2591 816 2659 apparere;
844 2573 900 2639 sed
928 2575 969 2639 ad
999 2579 1032 2640 te
1059 2580 1191 2641 matrem
1210 2560 1371 2660 ‘comugio

234 2679 283 2743 Tu
303 2697 373 2762 spes
394 2697 473 2758 mea,
495 2679 590 2744 turris
612 2695 690 2758 mea,
712 2678 745 2743 in
768 2696 829 2759 qua
849 2675 942 2742 finem
963 2678 1062 2744 tocius
1084 2680 1192 2745 salutis
1207 2699 1282 2746 mee
1300 2701 1373 2748 cona
1486 2705 1488 2708 ·

233 2785 328 2850 stitui.
362 2783 399 2848 Si
416 2783 500 2864 quod
521 2782 602 2848 absit
622 2782 715 2847 iudex
743 2782 841 2847 iratus
869 2795 992 2846 servum
1021 2801 1110 2857 suum
1139 2785 1257 2867 peccati
1283 2797 1372 2852 reum
1436 2783 1439 2786 ’

235 2889 403 2970 dampnare
423 2886 564 2966 voluerit,
587 2904 644 2968 per
665 2904 776 2952 manus
797 2891 867 2952 tuas
888 2887 1041 2968 piissimas
1066 2887 1125 2952 hoc
1139 2887 1241 2953 faeiat.
1271 2890 1373 2956 Sicu·

233 2996 298 3056 tem
319 3010 357 3056 ex
376 2982 481 3073 gracia
501 2990 622 3056 salvare
641 2991 820 3071 decreverit,
835 2995 866 3056 te
882 2990 1037 3056 mediante
1051 2992 1184 3058 salutem
1196 2993 1289 3060 michi
1301 2997 1373 3061 mit-

233 3101 300 3160 tere
322 3095 473 3175 dignetur.
505 3095 573 3176 Ego
596 3113 622 3158 a.
637 3098 668 3158 te
697 3113 797 3176 neque
826 3096 913 3160 vivus
941 3114 1042 3177 neque
1070 3102 1227 3178 mortuus,
1256 3100 1373 3164 necin

234 3200 389 3281 prosperis
409 3217 467 3264 nec
488 3200 521 3262 in
542 3199 679 3264 adversis
690 3217 836 3280 umquam
848 3199 917 3282 (12)
929 3200 999 3265 volo
1013 3203 1160 3283 seperari.
1190 3202 1373 3286 anymmo

234 3304 261 3370 si
282 3304 364 3386 quod
385 3303 464 3369 absit
476 3303 546 3386 (13)
560 3303 609 3367 dei
630 3303 691 3367 mei
711 3303 838 3368 insanus
868 3321 904 3367 ac
932 3304 1081 3386 reprobus
1109 3305 1208 3394 fadus
1238 3307 1373 3373 oblivisci

234 3407 368 3487 voluero,
390 3424 462 3471 vere
483 3407 530 3470 tui
541 3406 611 3490 (14)
623 3406 982 3489 numquom‘obliviscar.
1017 3407 1061 3473 Te
1082 3428 1249 3491 numquam
1272 3411 1375 3486 dimit·

234 3516 308 3574 tam.
348 3509 498 3574 Memoria
519 3514 574 3574 tua
595 3528 689 3593 super
710 3509 772 3573 mel
793 3514 825 3574 et
853 3508 956 3573 sumum
977 3511 1010 3573 in
1034 3529 1087 3575 ore
1108 3530 1177 3577 meo
1198 3513 1372 3577 indulcora-

234 3617 286 3678 tur
297 3613 377 3698 (15).
409 3613 516 3679 Facies
537 3614 569 3677 in
590 3618 623 3678 te
642 3613 848 3696 exhylaratur,
872 3631 925 3678 cor
939 3613 1130 3693 iocundatur‚
1149 3620 1261 3680 et-tctu
1274 3617 1372 3683 virtus

233 3735 305 3783 mea
324 3717 440 3799 pariter
462 3717 587 3782 exultat.
621 3717 687 3782 Nec
707 3717 860 3782 inmerito.
894 3716 1044 3794 Quociens
1067 3719 1148 3782 enim
1169 3719 1208 3783 ab
1229 3719 1372 3785 uberibus

300 3905 335 3976 (1)
359 3911 394 3970 de
416 3928 464 3969 om
485 3909 596 3970 AG—
617 3904 653 3977 (1)
676 3911 729 3970 ΑΕ
739 3911 845 3988 gloriam
872 3930 943 3972 orror
963 3912 1127 3974 BEFsalus
1150 3921 1232 3974 et-
1253 3909 1293 3980 (3).
1310 3915 1376 3977 Joc,

233 4001 286 4077 27,
317 4000 344 4057 6.
366 3997 440 4057 Mox
460 3997 602 4056 Emenor
623 4031 666 4040 -
687 3993 723 4063 (4)
746 3997 893 4059 Aacao
922 4033 966 4044 -
994 3995 1030 4065 (5)
1059 4000 1120 4059 AM
1132 4002 1194 4060 cdd
1221 4006 1295 4061 enim
1326 4035 1372 4046 -

142 4080 145 4086 ”
234 4080 271 4150 (6)
293 4084 371 4142 DFL
382 4103 444 4160 me3
465 4101 537 4144 mox
558 4083 611 4142 DL
621 4102 708 4143 unum
729 4118 774 4128 -
801 4082 835 4151 (1)
865 4085 940 4145 DFJ
952 4088 1014 4146 add
1040 4084 1238 4148 mercennariis
1268 4095 1297 4148 et
1326 4111 1371 4132 —

234 4166 270 4236 (8)
293 4170 425 4230 AGHJP
437 4171 558 4232 adiutor.
584 4173 664 4231 Pcal.
686 4173 726 4231 H.
747 4175 800 4246 10,
828 4176 873 4231 14.
905 4206 949 4217 —
970 4168 1006 4238 (9)
1028 4174 1185 4235 Bvulnera
1205 4183 1303 4236 norma
1345 4176 1371 4235 P

234 4259 353 4318 vulnera
380 4291 424 4301 -
444 4252 498 4323 (10)
519 4264 615 4318 antem
639 4269 687 4316 om
708 4258 757 4319 Α.)
784 4291 829 4303 -
849 4254 903 4324 (11)
926 4259 974 4318 ΟΡ
995 4261 1060 4320 Non
1082 4262 1176 4321 audeo
1203 4293 1248 4306 -—
1268 4258 1319 4328 (12)
1341 4264 1370 4324 A

234 4361 326 4419 nequa
347 4347 376 4403 in
396 4347 539 4421 prosperis
559 4344 605 4405 vel
627 4344 755 4415 adversis
776 4361 932 4422 numquam
960 4380 1005 4391 --
1033 4343 1087 4413 (13)
1108 4347 1266 4426 OJPquod
1294 4351 1370 4411 abrit

234 4432 311 4488 si—
332 4425 383 4495 (14)
405 4429 486 4490 Atui
506 4449 575 4492 vero
599 4432 750 4492 'Ltui-
771 4428 824 4496 (15)
844 4432 1106 4494 Dindulecrcbitur
1144 4436 1195 4497 BP
1207 4437 1371 4500 dulcoratur
