3232 5130
251 356 313 418 116

243 507 301 575 bus
322 527 357 575 se
377 527 547 592 exponere,
569 511 602 574 et
623 507 763 575 omnibus
785 508 848 575 vite
869 509 1022 591 presentis
1045 508 1202 575 laboribus
1224 513 1256 574 ct
1278 527 1392 590 angus·

242 613 294 678 tiis
314 613 482 693 subiacere,
504 631 562 678 nec
583 612 715 679 deficere
735 613 768 678 in
789 613 1052 705 tribulacionibus,
1071 631 1134 679 neo
1156 613 1329 696 querulosis
1344 613 1392 677 in·

242 716 353 783 sistere
373 716 499 782 vocibus
519 717 612 801 velud
633 722 669 782 tu
689 716 774 797 facis,
796 717 853 783 sed
874 718 1010 798 gaudere
1025 718 1058 782 in
1077 717 1280 796 contumeliis,
1302 716 1392 800 in(l)

243 816 494 893 tribulacionibus
515 820 627 886 letari?
659 821 789 887 Sanctus
811 836 934 913 quoque
945 822 1099 887 martires
1122 821 1190 903 quis
1213 822 1327 886 audeat
1342 839 1393 886 as·

242 923 346 1006 pioere
367 928 409 988 et·
420 925 590 991 desidiosus
611 925 661 991 vel
675 926 858 1023 quendosus
873 925 964 992 esse?
992 925 1052 1004 Qui
1069 925 1203 992 ludibria
1217 930 1249 990 et
1262 926 1394 992 verbera

137 1060 142 1072 ·
212 1052 216 1063 ·
244 1028 433 1112 experti(2),
456 1029 578 1103 uincula
599 1033 631 1094 et
653 1047 791 1095 carceres
813 1030 962 1112 perpessi,
984 1030 1147 1101 innumera
1165 1035 1392 1115 tormentorum

242 1150 359 1214 genera
379 1133 479 1215 passi,
501 1133 885 1227 gloriosissimecoronati
903 1138 985 1199 sunt.
1020 1133 1218 1201 confessores
1241 1152 1278 1199 ac
1298 1125 1392 1216 uirgi-

242 1254 298 1302 nes
318 1236 446 1319 longum
466 1238 615 1304 ducentes
637 1239 820 1317 martirium,
844 1255 975 1320 corpora
994 1214 1053 1313 ssia
1074 1256 1144 1303 eum
1165 1239 1251 1304 viciis
1270 1243 1302 1304 et
1317 1256 1392 1304 con-

242 1341 441 1427 cupiscendis
462 1340 705 1407 erucifixeruntu
721 1341 802 1421 Quid
824 1340 902 1407 iecit
922 1341 1084 1407 Allerins?
1121 1341 1202 1420 Quid
1222 1361 1332 1425 passus
1340 1342 1390 1426 (3)

242 1444 429 1510 Eustadus?
457 1445 538 1523 Quid
552 1446 684 1528 denique
698 1445 800 1511 adhuc
813 1445 963 1515 hodierna
977 1446 1027 1511 die
1047 1432 1106 1539 per
1121 1450 1219 1512 totam
1233 1444 1305 1537 ridel
1317 1465 1391 1530 spa·

242 1549 357 1614 ciosam
377 1549 573 1619 latitudinem
593 1569 651 1632 pro
673 1568 779 1631 amore
801 1549 852 1614 dei
871 1550 1176 1641 paciuntur,iuvenes
1192 1569 1228 1616 ac
1244 1551 1390 1632 virgines,

242 1653 309 1719 se'd.
320 1657 352 1718 et
373 1654 536 1735 coniugata
557 1654 699 1719 acridae
713 1653 920 1734 devotissime,
937 1673 1067 1735 quorum
1080 1654 1128 1738 (4)
1140 1655 1319 1736 magnitudo
1333 1656 1391 1720 tri·

242 1755 437 1823 bulacionnm
458 1758 485 1823 si
506 1757 629 1838 cognita
650 1761 747 1838 esset,
777 1757 936 1822 silencium
966 1755 1020 1824 ori·
1038 1763 1093 1824 tuo
1115 1759 1280 1840 queruloso
1300 1760 1390 1842 inpo-

240 1861 352 1927 neret?
371 1861 495 1951 'Nonne
508 1863 549 1927 ad
561 1862 744 1939 memoriam
757 1880 883 1927 revocas
897 1862 1071 1944 exemplum
1081 1853 1283 1930 memorabile
1298 1863 1389 1929 valde

242 1966 281 2032 de
302 1965 416 2032 femina
437 1967 611 2048 coniugata,
634 1968 692 2032 deo
712 1967 921 2047 devotissima,
939 1985 999 2050 que
1014 1967 1139 2032 veniens
1152 1966 1184 2033 in
1199 1967 1388 2049 confessione

240 2071 298 2136 tibi
319 2072 454 2153 aperuit,
484 2071 616 2154 qualiter
644 2071 753 2152 viginti
774 2068 863 2137 annib
885 2090 955 2157 cum
976 2072 1088 2143 manto
1110 2091 1166 2137 suo
1181 2072 1332 2157 ‘vixerat(
1354 2072 1386 2155 ),

241 2175 377 2258 quinon
398 2178 434 2239 ut
455 2162 557 2255 homo,
581 2176 637 2242 sed
654 2175 750 2241 uelud
764 2176 813 2241 leo
825 2171 1033 2258 ferocissimus
1046 2175 1095 2260 (6)
1106 2176 1209 2262 gladio
1224 2179 1388 2259 evaginato

213 2322 217 2327 -
240 2281 341 2363 ipsam
361 2279 543 2346 mrdtocians
563 2280 748 2362 inpacierat,
779 2284 811 2344 et
834 2280 1003 2346 innumeris
1025 2280 1203 2360 verberibus
1225 2285 1257 2345 et
1279 2270 1388 2346 contu-

240 2385 340 2450 meliis
360 2385 521 2451 mulierem
535 2389 682 2451 sanctam
703 2390 798 2468 atque
819 2385 963 2467 pudicam
976 2383 1195 2466 flagellaverat,
1216 2385 1249 2450 in
1262 2389 1385 2450 tantum

240 2492 277 2553 ut
298 2488 424 2569 singulis
445 2487 530 2554 horis
551 2489 592 2553 ad
613 2493 780 2570 aspectum¹
794 2489 853 2554 uiri
874 2488 1384 2578 mortem-perhorresceretinpr05

238 2592 375 2660 mauri·
390 2592 457 2671 Que
478 2573 582 2665 omnia
604 2590 902 2676 devota(7)femina
923 2592 1152 2673 pacientissime
1178 2591 1296 2672 ferens,
1325 2611 1384 2657 nec

238 2715 434 2764 murmurans
455 2701 511 2791 aut
530 2695 718 2781 reclamaps,
749 2714 807 2776 pro
836 2696 936 2760 salute
965 2695 1127 2778 inpiissimi
1147 2697 1204 2762 tibi
1230 2698 1382 2763 orandum

237 2807 303 2866 tam
325 2801 436 2865 devote
457 2799 659 2885 supplicabat.
692 2798 723 2862 N
724 2816 804 2863 onne
818 2804 893 2863 tunc
908 2818 1031 2864 sursum
1044 2801 1239 2882 respiciebas,
1255 2820 1298 2888 ac
1309 2820 1381 2883 pec·

237 2910 289 2971 tus
308 2903 444 2982 tundens
456 2903 514 2987 (8),
539 2903 633 2968 corde
651 2903 827 2969 ‘verecundo
848 2903 1047 2985 proclamasti
1069 2910 1100 2969 te
1121 2905 1216 2971 nichil
1238 2907 1304 2988 pati
1325 2906 1380 2971 sed

139 3095 143 3099 .
237 3008 339 3074 ociose
360 3007 487 3088 vagari?
519 3007 666 3072 Preterea
678 3007 726 3091 (9)
739 3006 839 3073 adhuc
860 3012 958 3073 restat
979 3008 1075 3088 locus,
1097 3010 1180 3074 unde
1201 3011 1257 3075 tibi
1270 3010 1379 3074 melius

237 3111 438 3188 concludatur
458 3115 491 3176 et
512 3111 664 3177 salubrius
686 3112 872 3177 consulatur.
914 3112 1147 3197 Achillem(10)
1160 3114 1259 3178 cordis
1281 3113 1331 3179 tui
1346 3114 1378 3177 in

235 3216 373 3282 medinm
392 3215 526 3299 profero,
545 3202 732 3282 collaciones
753 3217 896 3282 videlicet
917 3236 954 3282 ac
967 3218 1046 3283 uitas
1063 3223 1199 3300 patrum
1223 3237 1299 3299 quas
1315 3222 1379 3282 oot-

233 3321 310 3387 tidie
329 3310 411 3401 legis
427 3339 464 3386 ac
485 3320 596 3407 relegis
609 3319 679 3404 (11)
691 3325 724 3385 et
745 3321 896 3402 aquibus
917 3340 982 3387 -nec
1004 3323 1044 3387 ad
1071 3322 1226 3387 modicmn
1247 3323 1379 3387 libenter

119 3485 122 3490 ,
232 3425 394 3491 divelleris.
434 3424 503 3490 Hiis
526 3424 692 3505 diligenter:
706 3416 895 3506 perspectis,
919 3425 994 3490 satis
1015 3425 1155 3495 mirabile
1177 3430 1240 3506 est,
1267 3427 1293 3491 si
1315 3446 1376 3492 non

147 3554 150 3559 ·
229 3535 352 3616 tantum
373 3529 405 3594 in
427 3548 464 3595 eo
485 3527 651 3611 profecisti,
674 3532 710 3593 ut
727 3529 919 3611 -pacienciam
934 3529 1077 3614 didiceris
1091 3530 1125 3595 in
1138 3531 1286 3597 adversis.
1316 3530 1377 3596 Ubi

137 3692 139 3697 ,
232 3639 280 3702 est
295 3638 373 3705 tuus
394 3633 566 3699 Arsenius?
597 3633 773 3699 Macharius
797 3652 857 3714 quo
880 3633 1023 3698 devenit?
1056 3633 1176 3700 Oblitus
1201 3653 1235 3701 es
1256 3634 1377 3701 Antho-

229 3738 294 3804 nii?
325 3737 456 3802 Paulum
486 3742 518 3801 et
538 3736 738 3819 Hylarionem
767 3736 945 3818 proiecisti?
978 3735 1140 3830 congrega
1170 3739 1375 3822 dispersiones

231 3842 331 3908 cordis
353 3841 413 3922 tui,
442 3845 474 3906 et
495 3840 691 3905 reminiscere
712 3844 837 3923 patrum
860 3840 1136 3923 divinissimorum,
1166 3844 1219 3926 qui
1240 3844 1272 3907 in
1294 3843 1375 3908 The-

296 4032 330 4099 (l)
350 4033 562 4102 DJKPer—
583 4027 618 4097 (²)
640 4032 730 4091 Hebr.
759 4036 804 4105 11¹,
834 4037 883 4093 36.
911 4068 955 4078 —
977 4030 1011 4100 (3)
1032 4034 1086 4096 JM
1109 4036 1184 4112 Quid
1205 4053 1308 4110 passus
1331 4043 1375 4094 est

229 4125 254 4189 F
277 4122 352 4200 Quid
380 4121 447 4181 lecit
495 4121 521 4180 B
545 4119 623 4197 in
649 4151 694 4162 —
715 4117 749 4182 (4)
777 4120 991 4198 BEquarum
1020 4155 1064 4165 -
1093 4119 1127 4183 (⁵)
1156 4123 1184 4180 A
1199 4124 1301 4180 vixerit
1329 4155 1373 4164 —

230 4206 264 4275 (6)
287 4209 573 4273 GKfortissimua-
594 4203 628 4271 (7)
649 4207 760 4280 BDFK
772 4206 956 4268 devotissima
970 4241 1015 4250 -
1035 4203 1073 4272 (8)
1093 4207 1307 4268 ODKtondens
1328 4242 1372 4252 —

222 4295 263 4362 ,(9)
285 4290 578 4360 emesena—tw)
601 4294 624 4362 C
646 4293 825 4377 Anchillem3
848 4313 918 4355 moe
940 4293 1048 4354 CJPin
1070 4294 1195 4353 medinm
1218 4292 1253 4374 (O
1266 4292 1373 4374 medio)

228 4384 323 4445 cordia
345 4385 395 4443 tui.
417 4383 460 4455 ll,
481 4385 519 4441 4.·
542 4381 651 4462 „Aperi
672 4398 762 4458 queso
784 4380 887 4440 librum
909 4379 1001 4442 cordis
1022 4377 1149 4443 tui“.—
1163 4376 1215 4447 (11)
1238 4382 1372 4460 Greligis
