<?xml version="1.0" encoding="UTF-8"?>
<!DOCTYPE html PUBLIC "-//W3C//DTD XHTML 1.0 Transitional//EN"
    "http://www.w3.org/TR/xhtml1/DTD/xhtml1-transitional.dtd">
<html xmlns="http://www.w3.org/1999/xhtml" xml:lang="en" lang="en">
 <head>
  <title>
</title>
<meta http-equiv="Content-Type" content="text/html;charset=utf-8" />
  <meta name='ocr-system' content='tesseract 3.04.00' />
  <meta name='ocr-capabilities' content='ocr_page ocr_carea ocr_par ocr_line ocrx_word'/>
</head>
<body>
  <div class='ocr_page' id='page_1' title='image "./henricisusoniss00seusgoog/henricisusoniss00seusgoog_0159.png"; bbox 0 0 3232 5130; ppageno 0'>
   <div class='ocr_carea' id='block_1_1' title="bbox 1317 367 1378 428">
    <p class='ocr_par' dir='ltr' id='par_1_1' title="bbox 1317 367 1378 428">
     <span class='ocr_line' id='line_1_1' title="bbox 1317 367 1378 428; baseline 0.033 -2"><span class='ocrx_word' id='word_1_1' title='bbox 1317 367 1378 428; x_wconf 82' lang='lat'>155</span> 
     </span>
    </p>
   </div>
   <div class='ocr_carea' id='block_1_2' title="bbox 233 497 1381 899">
    <p class='ocr_par' dir='ltr' id='par_1_2' title="bbox 233 497 1381 899">
     <span class='ocr_line' id='line_1_2' title="bbox 235 497 1377 582; baseline 0.003 -21"><span class='ocrx_word' id='word_1_2' title='bbox 235 497 317 578; x_wconf 91' lang='lat' dir='ltr'>disti,</span> <span class='ocrx_word' id='word_1_3' title='bbox 337 500 402 562; x_wconf 90' lang='lat' dir='ltr'>tres</span> <span class='ocrx_word' id='word_1_4' title='bbox 423 497 508 562; x_wconf 92' lang='lat' dir='ltr'>modi</span> <span class='ocrx_word' id='word_1_5' title='bbox 528 502 601 563; x_wconf 88' lang='lat' dir='ltr'>sunt</span> <span class='ocrx_word' id='word_1_6' title='bbox 622 498 767 564; x_wconf 88' lang='lat' dir='ltr'>studendi</span> <span class='ocrx_word' id='word_1_7' title='bbox 789 503 882 582; x_wconf 89' lang='lat' dir='ltr'>atque</span> <span class='ocrx_word' id='word_1_8' title='bbox 905 499 1034 565; x_wconf 89' lang='lat' dir='ltr'>docendi</span> <span class='ocrx_word' id='word_1_9' title='bbox 1047 515 1169 564; x_wconf 88' lang='lat' dir='ltr'>sacram</span> <span class='ocrx_word' id='word_1_10' title='bbox 1183 499 1377 580; x_wconf 80' lang='lat' dir='ltr'><strong>scripturam.</strong></span> 
     </span>
     <span class='ocr_line' id='line_1_3' title="bbox 234 601 1380 684; baseline 0.003 -19"><span class='ocrx_word' id='word_1_11' title='bbox 234 601 356 666; x_wconf 87' lang='lat' dir='ltr'>Primus</span> <span class='ocrx_word' id='word_1_12' title='bbox 377 602 487 666; x_wconf 91' lang='lat' dir='ltr'>modus</span> <span class='ocrx_word' id='word_1_13' title='bbox 509 607 557 667; x_wconf 88' lang='lat' dir='ltr'>est</span> <span class='ocrx_word' id='word_1_14' title='bbox 578 603 718 682; x_wconf 88' lang='lat' dir='ltr'>carnalis,</span> <span class='ocrx_word' id='word_1_15' title='bbox 742 622 834 684; x_wconf 90' lang='lat' dir='ltr'>quem</span> <span class='ocrx_word' id='word_1_16' title='bbox 856 602 972 667; x_wconf 85' lang='lat' dir='ltr'>habent</span> <span class='ocrx_word' id='word_1_17' title='bbox 993 603 1037 666; x_wconf 89' lang='lat' dir='ltr'>hii</span> <span class='ocrx_word' id='word_1_18' title='bbox 1054 603 1087 666; x_wconf 92' lang='lat' dir='ltr'>in</span> <span class='ocrx_word' id='word_1_19' title='bbox 1101 602 1211 684; x_wconf 90' lang='lat' dir='ltr'>quibus</span> <span class='ocrx_word' id='word_1_20' title='bbox 1221 601 1380 669; x_wconf 89' lang='lat' dir='ltr'>habundat</span> 
     </span>
     <span class='ocr_line' id='line_1_4' title="bbox 233 704 1381 789; baseline 0.003 -21"><span class='ocrx_word' id='word_1_21' title='bbox 233 704 339 769; x_wconf 86' lang='lat' dir='ltr'>littera</span> <span class='ocrx_word' id='word_1_22' title='bbox 359 705 425 770; x_wconf 91' lang='lat' dir='ltr'>sine</span> <span class='ocrx_word' id='word_1_23' title='bbox 447 706 573 787; x_wconf 85' lang='lat' dir='ltr'>spiritu:</span> <span class='ocrx_word' id='word_1_24' title='bbox 597 706 656 784; x_wconf 83' lang='lat' dir='ltr'>Qui</span> <span class='ocrx_word' id='word_1_25' title='bbox 677 711 793 787; x_wconf 90' lang='lat' dir='ltr'>quanto</span> <span class='ocrx_word' id='word_1_26' title='bbox 815 706 1103 789; x_wconf 83' lang='lat' dir='ltr'>plus(l)litterati,</span> <span class='ocrx_word' id='word_1_27' title='bbox 1126 709 1215 771; x_wconf 88' lang='lat' dir='ltr'>tanto</span> <span class='ocrx_word' id='word_1_28' title='bbox 1236 706 1307 788; x_wconf 92' lang='lat' dir='ltr'>plus</span> <span class='ocrx_word' id='word_1_29' title='bbox 1328 726 1381 772; x_wconf 90' lang='lat' dir='ltr'>su·</span> 
     </span>
     <span class='ocr_line' id='line_1_5' title="bbox 233 806 1380 899; baseline 0.003 -27"><span class='ocrx_word' id='word_1_30' title='bbox 233 806 342 888; x_wconf 88' lang='lat' dir='ltr'>perb&#39;ia</span> <span class='ocrx_word' id='word_1_31' title='bbox 361 807 468 888; x_wconf 88' lang='lat' dir='ltr'>inflati,</span> <span class='ocrx_word' id='word_1_32' title='bbox 492 814 584 891; x_wconf 90' lang='lat' dir='ltr'>atque</span> <span class='ocrx_word' id='word_1_33' title='bbox 605 810 705 875; x_wconf 89' lang='lat' dir='ltr'>nocivi</span> <span class='ocrx_word' id='word_1_34' title='bbox 727 811 785 875; x_wconf 86' lang='lat' dir='ltr'>sibi</span> <span class='ocrx_word' id='word_1_35' title='bbox 807 814 840 874; x_wconf 90' lang='lat' dir='ltr'>et</span> <span class='ocrx_word' id='word_1_36' title='bbox 861 810 928 874; x_wconf 89' lang='lat' dir='ltr'>aliis</span> <span class='ocrx_word' id='word_1_37' title='bbox 951 820 1020 874; x_wconf 83' lang='lat' dir='ltr'>esse</span> <span class='ocrx_word' id='word_1_38' title='bbox 1034 814 1219 875; x_wconf 86' lang='lat' dir='ltr'>noscuntur:</span> <span class='ocrx_word' id='word_1_39' title='bbox 1243 810 1303 887; x_wconf 83' lang='lat' dir='ltr'>Qui</span> <span class='ocrx_word' id='word_1_40' title='bbox 1317 829 1380 899; x_wconf 90' lang='lat' dir='ltr'>non</span> 
     </span>
    </p>
   </div>
   <div class='ocr_carea' id='block_1_3' title="bbox 211 912 1511 996">
    <p class='ocr_par' dir='ltr' id='par_1_3' title="bbox 211 912 1511 996">
     <span class='ocr_line' id='line_1_6' title="bbox 211 912 1511 996; baseline 0.003 -21"><span class='ocrx_word' id='word_1_41' title='bbox 211 950 213 955; x_wconf 67' lang='lat'>,</span> <span class='ocrx_word' id='word_1_42' title='bbox 234 913 290 979; x_wconf 81' lang='lat' dir='ltr'>dei.</span> <span class='ocrx_word' id='word_1_43' title='bbox 304 912 444 992; x_wconf 91' lang='lat' dir='ltr'>laudem,</span> <span class='ocrx_word' id='word_1_44' title='bbox 466 913 516 977; x_wconf 82' lang='lat' dir='ltr'>rel</span> <span class='ocrx_word' id='word_1_45' title='bbox 536 933 625 978; x_wconf 87' lang='lat' dir='ltr'>suam</span> <span class='ocrx_word' id='word_1_46' title='bbox 646 918 678 978; x_wconf 90' lang='lat' dir='ltr'>et</span> <span class='ocrx_word' id='word_1_47' title='bbox 700 914 831 978; x_wconf 93' lang='lat' dir='ltr'>aliorum</span> <span class='ocrx_word' id='word_1_48' title='bbox 853 912 1097 992; x_wconf 88' lang='lat' dir='ltr'>edificacionem,</span> <span class='ocrx_word' id='word_1_49' title='bbox 1121 914 1176 978; x_wconf 92' lang='lat' dir='ltr'>sed</span> <span class='ocrx_word' id='word_1_50' title='bbox 1197 933 1285 979; x_wconf 92' lang='lat' dir='ltr'>suam</span> <span class='ocrx_word' id='word_1_51' title='bbox 1306 933 1379 996; x_wconf 92' lang='lat' dir='ltr'>pro·</span> <span class='ocrx_word' id='word_1_52' title='bbox 1508 940 1511 943; x_wconf 93' lang='lat'>·</span> 
     </span>
    </p>
   </div>
   <div class='ocr_carea' id='block_1_4' title="bbox 152 1017 1453 1928">
    <p class='ocr_par' dir='ltr' id='par_1_4' title="bbox 152 1017 1453 1928">
     <span class='ocr_line' id='line_1_7' title="bbox 233 1017 1380 1107; baseline 0.001 -27"><span class='ocrx_word' id='word_1_53' title='bbox 233 1017 404 1082; x_wconf 90' lang='lat' dir='ltr'>mocionem</span> <span class='ocrx_word' id='word_1_54' title='bbox 426 1021 569 1098; x_wconf 91' lang='lat' dir='ltr'>querunt.</span> <span class='ocrx_word' id='word_1_55' title='bbox 604 1017 762 1083; x_wconf 83' lang='lat' dir='ltr'>Secundus</span> <span class='ocrx_word' id='word_1_56' title='bbox 784 1018 894 1082; x_wconf 92' lang='lat' dir='ltr'>modus</span> <span class='ocrx_word' id='word_1_57' title='bbox 917 1021 965 1082; x_wconf 89' lang='lat' dir='ltr'>est</span> <span class='ocrx_word' id='word_1_58' title='bbox 987 1017 1138 1096; x_wconf 90' lang='lat' dir='ltr'>animalis,</span> <span class='ocrx_word' id='word_1_59' title='bbox 1162 1021 1194 1080; x_wconf 89' lang='lat' dir='ltr'>et</span> <span class='ocrx_word' id='word_1_60' title='bbox 1216 1017 1380 1107; x_wconf 85' lang='lat' dir='ltr'>estinhiis</span> 
     </span>
     <span class='ocr_line' id='line_1_8' title="bbox 234 1120 1380 1202; baseline -0.001 -18"><span class='ocrx_word' id='word_1_61' title='bbox 234 1121 287 1202; x_wconf 92' lang='lat' dir='ltr'>qui</span> <span class='ocrx_word' id='word_1_62' title='bbox 309 1120 440 1202; x_wconf 82' lang='lat' dir='ltr'>simplici</span> <span class='ocrx_word' id='word_1_63' title='bbox 462 1121 586 1202; x_wconf 79' lang='lat' dir='ltr'>quddam</span> <span class='ocrx_word' id='word_1_64' title='bbox 609 1122 697 1186; x_wconf 90' lang='lat' dir='ltr'>oculo</span> <span class='ocrx_word' id='word_1_65' title='bbox 718 1122 751 1185; x_wconf 93' lang='lat' dir='ltr'>in</span> <span class='ocrx_word' id='word_1_66' title='bbox 772 1125 844 1185; x_wconf 90' lang='lat' dir='ltr'>actu</span> <span class='ocrx_word' id='word_1_67' title='bbox 866 1120 1027 1186; x_wconf 88' lang='lat' dir='ltr'>scolastico</span> <span class='ocrx_word' id='word_1_68' title='bbox 1050 1138 1087 1184; x_wconf 90' lang='lat' dir='ltr'>ea</span> <span class='ocrx_word' id='word_1_69' title='bbox 1104 1139 1168 1202; x_wconf 18' lang='lat' dir='ltr'>,que</span> <span class='ocrx_word' id='word_1_70' title='bbox 1190 1120 1380 1185; x_wconf 87' lang='lat' dir='ltr'>adsalutem</span> 
     </span>
     <span class='ocr_line' id='line_1_9' title="bbox 233 1215 1380 1307; baseline 0.002 -20"><span class='ocrx_word' id='word_1_71' title='bbox 233 1225 407 1289; x_wconf 90' lang='lat' dir='ltr'>necessaria</span> <span class='ocrx_word' id='word_1_72' title='bbox 428 1229 502 1288; x_wconf 90' lang='lat' dir='ltr'>sunt</span> <span class='ocrx_word' id='word_1_73' title='bbox 513 1225 561 1307; x_wconf 78' lang='lat'>(2)</span> <span class='ocrx_word' id='word_1_74' title='bbox 573 1229 716 1307; x_wconf 90' lang='lat' dir='ltr'>querunt,</span> <span class='ocrx_word' id='word_1_75' title='bbox 738 1228 973 1307; x_wconf 83' lang='lat' dir='ltr'>verumptamen</span> <span class='ocrx_word' id='word_1_76' title='bbox 987 1242 1082 1306; x_wconf 83' lang='lat' dir='ltr'>opera</span> <span class='ocrx_word' id='word_1_77' title='bbox 1096 1215 1380 1306; x_wconf 70' lang='lat' dir='ltr'>supererogacioms</span> 
     </span>
     <span class='ocr_line' id='line_1_10' title="bbox 233 1321 1379 1412; baseline 0 -21"><span class='ocrx_word' id='word_1_78' title='bbox 233 1326 334 1393; x_wconf 90' lang='lat' dir='ltr'>facere</span> <span class='ocrx_word' id='word_1_79' title='bbox 365 1332 398 1392; x_wconf 90' lang='lat' dir='ltr'>et</span> <span class='ocrx_word' id='word_1_80' title='bbox 418 1327 590 1394; x_wconf 83' lang='lat' dir='ltr'>karismata</span> <span class='ocrx_word' id='word_1_81' title='bbox 618 1321 754 1392; x_wconf 83' lang='lat' dir='ltr'>emulari</span> <span class='ocrx_word' id='word_1_82' title='bbox 768 1329 897 1393; x_wconf 84' lang='lat' dir='ltr'>meliora</span> <span class='ocrx_word' id='word_1_83' title='bbox 908 1327 957 1412; x_wconf 88' lang='lat'>(3)</span> <span class='ocrx_word' id='word_1_84' title='bbox 967 1346 1189 1410; x_wconf 89' lang='lat' dir='ltr'>usquequaque</span> <span class='ocrx_word' id='word_1_85' title='bbox 1209 1328 1379 1409; x_wconf 82' lang='lat' dir='ltr'>negligunt.</span> 
     </span>
     <span class='ocr_line' id='line_1_11' title="bbox 234 1424 1453 1515; baseline -0.001 -20"><span class='ocrx_word' id='word_1_86' title='bbox 234 1431 360 1496; x_wconf 91' lang='lat' dir='ltr'>Tercius</span> <span class='ocrx_word' id='word_1_87' title='bbox 381 1450 454 1497; x_wconf 92' lang='lat' dir='ltr'>vero</span> <span class='ocrx_word' id='word_1_88' title='bbox 478 1433 583 1512; x_wconf 83' lang='lat' dir='ltr'>quiet</span> <span class='ocrx_word' id='word_1_89' title='bbox 604 1432 781 1513; x_wconf 90' lang='lat' dir='ltr'>spiritualis,</span> <span class='ocrx_word' id='word_1_90' title='bbox 806 1436 854 1496; x_wconf 88' lang='lat' dir='ltr'>est</span> <span class='ocrx_word' id='word_1_91' title='bbox 876 1444 983 1496; x_wconf 91' lang='lat' dir='ltr'>eorum</span> <span class='ocrx_word' id='word_1_92' title='bbox 1005 1432 1058 1513; x_wconf 90' lang='lat' dir='ltr'>qui</span> <span class='ocrx_word' id='word_1_93' title='bbox 1070 1432 1118 1515; x_wconf 82' lang='lat'>(4)</span> <span class='ocrx_word' id='word_1_94' title='bbox 1130 1436 1197 1498; x_wconf 84' lang='lat' dir='ltr'>toto</span> <span class='ocrx_word' id='word_1_95' title='bbox 1220 1431 1320 1497; x_wconf 77' lang='lat' dir='ltr'>cordis</span> <span class='ocrx_word' id='word_1_96' title='bbox 1336 1429 1381 1494; x_wconf 83' lang='lat' dir='ltr'>ai-</span> <span class='ocrx_word' id='word_1_97' title='bbox 1451 1424 1453 1432; x_wconf 75' lang='grc'>’</span> 
     </span>
     <span class='ocr_line' id='line_1_12' title="bbox 233 1533 1380 1617; baseline 0.002 -19"><span class='ocrx_word' id='word_1_98' title='bbox 233 1533 324 1609; x_wconf 68' lang='grc' dir='ltr'>(θοωΔ</span> <span class='ocrx_word' id='word_1_99' title='bbox 338 1536 378 1598; x_wconf 92' lang='lat' dir='ltr'>ad</span> <span class='ocrx_word' id='word_1_100' title='bbox 400 1553 437 1611; x_wconf 84' lang='lat' dir='ltr'>ea</span> <span class='ocrx_word' id='word_1_101' title='bbox 459 1553 519 1616; x_wconf 90' lang='lat' dir='ltr'>que</span> <span class='ocrx_word' id='word_1_102' title='bbox 539 1534 742 1617; x_wconf 86' lang='lat' dir='ltr'>perfeccionis</span> <span class='ocrx_word' id='word_1_103' title='bbox 764 1539 837 1599; x_wconf 89' lang='lat' dir='ltr'>sunt</span> <span class='ocrx_word' id='word_1_104' title='bbox 859 1553 893 1600; x_wconf 91' lang='lat' dir='ltr'>se</span> <span class='ocrx_word' id='word_1_105' title='bbox 913 1534 1029 1601; x_wconf 84' lang='lat' dir='ltr'>viribus</span> <span class='ocrx_word' id='word_1_106' title='bbox 1046 1536 1186 1601; x_wconf 91' lang='lat' dir='ltr'>omnibus</span> <span class='ocrx_word' id='word_1_107' title='bbox 1200 1537 1380 1615; x_wconf 83' lang='lat' dir='ltr'>extendunt,</span> 
     </span>
     <span class='ocr_line' id='line_1_13' title="bbox 233 1624 1381 1730; baseline 0.001 -27"><span class='ocrx_word' id='word_1_108' title='bbox 233 1639 369 1703; x_wconf 88' lang='lat' dir='ltr'>studiose</span> <span class='ocrx_word' id='word_1_109' title='bbox 391 1654 517 1719; x_wconf 86' lang='lat' dir='ltr'>operam</span> <span class='ocrx_word' id='word_1_110' title='bbox 537 1639 658 1717; x_wconf 89' lang='lat' dir='ltr'>dantes,</span> <span class='ocrx_word' id='word_1_111' title='bbox 681 1643 717 1703; x_wconf 88' lang='lat' dir='ltr'>ut</span> <span class='ocrx_word' id='word_1_112' title='bbox 738 1639 818 1704; x_wconf 90' lang='lat' dir='ltr'>sicut</span> <span class='ocrx_word' id='word_1_113' title='bbox 838 1638 1012 1730; x_wconf 81' lang='lat' dir='ltr'>intellectus</span> <span class='ocrx_word' id='word_1_114' title='bbox 1035 1657 1143 1704; x_wconf 88' lang='lat' dir='ltr'>eorum</span> <span class='ocrx_word' id='word_1_115' title='bbox 1165 1640 1313 1719; x_wconf 86' lang='lat' dir='ltr'>sciencia,</span> <span class='ocrx_word' id='word_1_116' title='bbox 1328 1624 1381 1714; x_wconf 83' lang='lat' dir='ltr'>sic</span> 
     </span>
     <span class='ocr_line' id='line_1_14' title="bbox 152 1740 1403 1831; baseline 0.002 -27"><span class='ocrx_word' id='word_1_117' title='bbox 152 1801 159 1813; x_wconf 82' lang='lat'>,</span> <span class='ocrx_word' id='word_1_118' title='bbox 233 1741 324 1824; x_wconf 61' lang='lat' dir='ltr'>etta)</span> <span class='ocrx_word' id='word_1_119' title='bbox 335 1740 462 1806; x_wconf 90' lang='lat' dir='ltr'>affectus</span> <span class='ocrx_word' id='word_1_120' title='bbox 485 1760 591 1806; x_wconf 89' lang='lat' dir='ltr'>eorum</span> <span class='ocrx_word' id='word_1_121' title='bbox 614 1742 717 1806; x_wconf 89' lang='lat' dir='ltr'>divina</span> <span class='ocrx_word' id='word_1_122' title='bbox 738 1743 895 1824; x_wconf 85' lang='lat' dir='ltr'>sapiencia</span> <span class='ocrx_word' id='word_1_123' title='bbox 916 1742 1090 1823; x_wconf 80' lang='lat' dir='ltr'>repleatur3</span> <span class='ocrx_word' id='word_1_124' title='bbox 1121 1746 1153 1807; x_wconf 92' lang='lat' dir='ltr'>et</span> <span class='ocrx_word' id='word_1_125' title='bbox 1181 1743 1261 1807; x_wconf 89' lang='lat' dir='ltr'>sicut</span> <span class='ocrx_word' id='word_1_126' title='bbox 1286 1741 1403 1831; x_wconf 18' lang='lat' dir='ltr'>profi-7</span> 
     </span>
     <span class='ocr_line' id='line_1_15' title="bbox 233 1828 1380 1928; baseline 0.001 -19"><span class='ocrx_word' id='word_1_127' title='bbox 233 1845 316 1909; x_wconf 89' lang='lat' dir='ltr'>ciunt</span> <span class='ocrx_word' id='word_1_128' title='bbox 336 1845 369 1908; x_wconf 93' lang='lat' dir='ltr'>in</span> <span class='ocrx_word' id='word_1_129' title='bbox 391 1846 566 1926; x_wconf 83' lang='lat' dir='ltr'>cognicione</span> <span class='ocrx_word' id='word_1_130' title='bbox 587 1831 670 1924; x_wconf 81' lang='lat' dir='ltr'>veri,¹</span> <span class='ocrx_word' id='word_1_131' title='bbox 685 1838 734 1911; x_wconf 88' lang='lat' dir='ltr'>sic</span> <span class='ocrx_word' id='word_1_132' title='bbox 751 1851 783 1910; x_wconf 92' lang='lat' dir='ltr'>et</span> <span class='ocrx_word' id='word_1_133' title='bbox 802 1839 965 1910; x_wconf 84' lang='lat' dir='ltr'>inamore</span> <span class='ocrx_word' id='word_1_134' title='bbox 987 1847 1099 1917; x_wconf 90' lang='lat' dir='ltr'>summi</span> <span class='ocrx_word' id='word_1_135' title='bbox 1120 1828 1216 1911; x_wconf 75' lang='lat' dir='ltr'>bo&#39;niz·</span> <span class='ocrx_word' id='word_1_136' title='bbox 1232 1846 1292 1924; x_wconf 88' lang='lat' dir='ltr'>Qui</span> <span class='ocrx_word' id='word_1_137' title='bbox 1307 1865 1380 1928; x_wconf 84' lang='lat' dir='ltr'>gus-</span> 
     </span>
    </p>
   </div>
   <div class='ocr_carea' id='block_1_5' title="bbox 138 1944 1479 2444">
    <p class='ocr_par' dir='ltr' id='par_1_5' title="bbox 138 1944 1479 2444">
     <span class='ocr_line' id='line_1_16' title="bbox 232 1944 1435 2032; baseline 0.002 -20"><span class='ocrx_word' id='word_1_138' title='bbox 232 1952 301 2012; x_wconf 91' lang='lat' dir='ltr'>tant</span> <span class='ocrx_word' id='word_1_139' title='bbox 322 1951 354 2012; x_wconf 91' lang='lat' dir='ltr'>et</span> <span class='ocrx_word' id='word_1_140' title='bbox 374 1949 480 2012; x_wconf 89' lang='lat' dir='ltr'>vident</span> <span class='ocrx_word' id='word_1_141' title='bbox 502 1950 647 2029; x_wconf 90' lang='lat' dir='ltr'>quoniam</span> <span class='ocrx_word' id='word_1_142' title='bbox 669 1951 771 2014; x_wconf 82' lang='lat' dir='ltr'>suavis</span> <span class='ocrx_word' id='word_1_143' title='bbox 794 1955 843 2015; x_wconf 90' lang='lat' dir='ltr'>est</span> <span class='ocrx_word' id='word_1_144' title='bbox 864 1949 1005 2014; x_wconf 91' lang='lat' dir='ltr'>dominus</span> <span class='ocrx_word' id='word_1_145' title='bbox 1019 1949 1084 2032; x_wconf 84' lang='lat'>(.6):</span> <span class='ocrx_word' id='word_1_146' title='bbox 1108 1949 1168 2027; x_wconf 89' lang='lat' dir='ltr'>Qui</span> <span class='ocrx_word' id='word_1_147' title='bbox 1189 1968 1223 2015; x_wconf 89' lang='lat' dir='ltr'>se</span> <span class='ocrx_word' id='word_1_148' title='bbox 1240 1944 1283 2013; x_wconf 76' lang='lat' dir='ltr'>&#39;et</span> <span class='ocrx_word' id='word_1_149' title='bbox 1304 1951 1381 2015; x_wconf 89' lang='lat' dir='ltr'>alios</span> <span class='ocrx_word' id='word_1_150' title='bbox 1432 1995 1435 1999; x_wconf 88' lang='lat'><em>-</em></span> 
     </span>
     <span class='ocr_line' id='line_1_17' title="bbox 232 2052 1382 2137; baseline 0.002 -22"><span class='ocrx_word' id='word_1_151' title='bbox 232 2069 289 2133; x_wconf 93' lang='lat' dir='ltr'>per</span> <span class='ocrx_word' id='word_1_152' title='bbox 310 2068 430 2115; x_wconf 90' lang='lat' dir='ltr'>sacram</span> <span class='ocrx_word' id='word_1_153' title='bbox 452 2053 639 2132; x_wconf 89' lang='lat' dir='ltr'>scripturam</span> <span class='ocrx_word' id='word_1_154' title='bbox 661 2053 702 2118; x_wconf 89' lang='lat' dir='ltr'>ad</span> <span class='ocrx_word' id='word_1_155' title='bbox 725 2053 863 2137; x_wconf 90' lang='lat' dir='ltr'>debitum</span> <span class='ocrx_word' id='word_1_156' title='bbox 888 2052 982 2117; x_wconf 89' lang='lat' dir='ltr'>finem</span> <span class='ocrx_word' id='word_1_157' title='bbox 1011 2053 1163 2133; x_wconf 81' lang='lat' dir='ltr'>dirigunt,</span> <span class='ocrx_word' id='word_1_158' title='bbox 1195 2056 1227 2116; x_wconf 90' lang='lat' dir='ltr'>et</span> <span class='ocrx_word' id='word_1_159' title='bbox 1254 2052 1382 2118; x_wconf 92' lang='lat' dir='ltr'>nichilo-</span> 
     </span>
     <span class='ocr_line' id='line_1_18' title="bbox 138 2155 1479 2243; baseline 0.003 -24"><span class='ocrx_word' id='word_1_160' title='bbox 138 2238 141 2243; x_wconf 24' lang='lat'>·</span> <span class='ocrx_word' id='word_1_161' title='bbox 233 2157 334 2219; x_wconf 92' lang='lat' dir='ltr'>minus</span> <span class='ocrx_word' id='word_1_162' title='bbox 356 2155 485 2219; x_wconf 89' lang='lat' dir='ltr'>interius</span> <span class='ocrx_word' id='word_1_163' title='bbox 507 2155 618 2235; x_wconf 90' lang='lat' dir='ltr'>spiritu</span> <span class='ocrx_word' id='word_1_164' title='bbox 640 2155 690 2220; x_wconf 90' lang='lat' dir='ltr'>dei</span> <span class='ocrx_word' id='word_1_165' title='bbox 711 2160 854 2235; x_wconf 83' lang='lat' dir='ltr'>aguntur.</span> <span class='ocrx_word' id='word_1_166' title='bbox 887 2155 1200 2236; x_wconf 75' lang='lat' dir='ltr'>igitur-discipulum,</span> <span class='ocrx_word' id='word_1_167' title='bbox 1232 2155 1299 2220; x_wconf 89' lang='lat' dir='ltr'>aliis</span> <span class='ocrx_word' id='word_1_168' title='bbox 1326 2155 1396 2234; x_wconf 51' lang='lat' dir='ltr'>oba</span> <span class='ocrx_word' id='word_1_169' title='bbox 1477 2217 1479 2223; x_wconf 74' lang='grc'>,</span> 
     </span>
     <span class='ocr_line' id='line_1_19' title="bbox 233 2257 1382 2340; baseline 0 -17"><span class='ocrx_word' id='word_1_170' title='bbox 233 2259 335 2323; x_wconf 86' lang='lat' dir='ltr'>missis</span> <span class='ocrx_word' id='word_1_171' title='bbox 357 2258 499 2340; x_wconf 86' lang='lat' dir='ltr'>cupiebat</span> <span class='ocrx_word' id='word_1_172' title='bbox 522 2270 591 2323; x_wconf 93' lang='lat' dir='ltr'>cum</span> <span class='ocrx_word' id='word_1_173' title='bbox 611 2257 670 2322; x_wconf 92' lang='lat' dir='ltr'>hiis</span> <span class='ocrx_word' id='word_1_174' title='bbox 692 2259 885 2336; x_wconf 84' lang='lat' dir='ltr'>mansionem</span> <span class='ocrx_word' id='word_1_175' title='bbox 906 2258 1036 2337; x_wconf 91' lang='lat' dir='ltr'>habere,</span> <span class='ocrx_word' id='word_1_176' title='bbox 1068 2262 1100 2321; x_wconf 91' lang='lat' dir='ltr'>et</span> <span class='ocrx_word' id='word_1_177' title='bbox 1129 2276 1164 2322; x_wconf 90' lang='lat' dir='ltr'>se</span> <span class='ocrx_word' id='word_1_178' title='bbox 1185 2260 1287 2322; x_wconf 87' lang='lat' dir='ltr'>totum</span> <span class='ocrx_word' id='word_1_179' title='bbox 1309 2261 1382 2323; x_wconf 89' lang='lat' dir='ltr'>con-</span> 
     </span>
     <span class='ocr_line' id='line_1_20' title="bbox 235 2361 1170 2444; baseline -0.001 -18"><span class='ocrx_word' id='word_1_180' title='bbox 235 2361 318 2427; x_wconf 86' lang='lat' dir='ltr'>ferre</span> <span class='ocrx_word' id='word_1_181' title='bbox 340 2363 380 2427; x_wconf 89' lang='lat' dir='ltr'>ad</span> <span class='ocrx_word' id='word_1_182' title='bbox 401 2363 539 2427; x_wconf 88' lang='lat' dir='ltr'>studium</span> <span class='ocrx_word' id='word_1_183' title='bbox 560 2362 642 2427; x_wconf 90' lang='lat' dir='ltr'>illius</span> <span class='ocrx_word' id='word_1_184' title='bbox 663 2380 736 2428; x_wconf 85' lang='lat' dir='ltr'>vere</span> <span class='ocrx_word' id='word_1_185' title='bbox 757 2365 789 2425; x_wconf 92' lang='lat' dir='ltr'>et</span> <span class='ocrx_word' id='word_1_186' title='bbox 810 2379 930 2426; x_wconf 84' lang='lat' dir='ltr'>srmrme</span> <span class='ocrx_word' id='word_1_187' title='bbox 951 2361 1170 2444; x_wconf 87' lang='lat' dir='ltr'>phylosophye.</span> 
     </span>
    </p>
   </div>
   <div class='ocr_carea' id='block_1_6' title="bbox 586 2492 1025 2563">
    <p class='ocr_par' dir='ltr' id='par_1_6' title="bbox 586 2492 1025 2563">
     <span class='ocr_line' id='line_1_21' title="bbox 586 2492 1025 2563; baseline 0 0"><span class='ocrx_word' id='word_1_188' title='bbox 586 2492 1025 2563; x_wconf 32' lang='grc' dir='ltr'>«θ’θ’-</span> 
     </span>
    </p>
   </div>
   <div class='ocr_carea' id='block_1_7' title="bbox 291 2612 1330 2858">
    <p class='ocr_par' dir='ltr' id='par_1_7' title="bbox 291 2612 1330 2858">
     <span class='ocr_line' id='line_1_22' title="bbox 291 2612 1330 2736; baseline -0.002 -16"><span class='ocrx_word' id='word_1_189' title='bbox 291 2657 340 2720; x_wconf 90' lang='lat' dir='ltr'>De</span> <span class='ocrx_word' id='word_1_190' title='bbox 362 2656 493 2722; x_wconf 86' lang='lat' dir='ltr'>sciencia</span> <span class='ocrx_word' id='word_1_191' title='bbox 514 2655 678 2721; x_wconf 88' lang='lat' dir='ltr'>utilissima</span> <span class='ocrx_word' id='word_1_192' title='bbox 699 2654 816 2719; x_wconf 93' lang='lat' dir='ltr'>homini</span> <span class='ocrx_word' id='word_1_193' title='bbox 837 2621 978 2734; x_wconf 71' lang='lat' dir='ltr'>mortali,</span> <span class='ocrx_word' id='word_1_194' title='bbox 994 2658 1058 2736; x_wconf 82' lang='lat' dir='ltr'>que</span> <span class='ocrx_word' id='word_1_195' title='bbox 1075 2612 1122 2720; x_wconf 85' lang='lat' dir='ltr'>est</span> <span class='ocrx_word' id='word_1_196' title='bbox 1142 2655 1221 2720; x_wconf 88' lang='lat' dir='ltr'>scire</span> <span class='ocrx_word' id='word_1_197' title='bbox 1239 2654 1330 2720; x_wconf 90' lang='lat' dir='ltr'>mori.</span> 
     </span>
     <span class='ocr_line' id='line_1_23' title="bbox 615 2772 1004 2858; baseline -0.005 -17"><span class='ocrx_word' id='word_1_198' title='bbox 615 2775 805 2858; x_wconf 78' lang='lat' dir='ltr'>(lapittulum</span> <span class='ocrx_word' id='word_1_199' title='bbox 826 2772 1004 2841; x_wconf 81' lang='lat' dir='ltr'>secundum.</span> 
     </span>
    </p>
   </div>
   <div class='ocr_carea' id='block_1_8' title="bbox 237 2891 1467 3931">
    <p class='ocr_par' dir='ltr' id='par_1_8' title="bbox 237 2891 1467 3931">
     <span class='ocr_line' id='line_1_24' title="bbox 301 2891 1467 2997; baseline -0.001 -18"><span class='ocrx_word' id='word_1_200' title='bbox 301 2913 378 2980; x_wconf 81' lang='lat' dir='ltr'>(lum</span> <span class='ocrx_word' id='word_1_201' title='bbox 399 2926 507 2981; x_wconf 85' lang='lat' dir='ltr'>¹omnes</span> <span class='ocrx_word' id='word_1_202' title='bbox 529 2914 668 2979; x_wconf 92' lang='lat' dir='ltr'>homines</span> <span class='ocrx_word' id='word_1_203' title='bbox 697 2918 809 2978; x_wconf 89' lang='lat' dir='ltr'>natura</span> <span class='ocrx_word' id='word_1_204' title='bbox 821 2912 869 2997; x_wconf 83' lang='lat'>(7)</span> <span class='ocrx_word' id='word_1_205' title='bbox 884 2915 962 2978; x_wconf 90' lang='lat' dir='ltr'>scire</span> <span class='ocrx_word' id='word_1_206' title='bbox 992 2913 1183 2993; x_wconf 85' lang='lat' dir='ltr'>desiderant,</span> <span class='ocrx_word' id='word_1_207' title='bbox 1207 2913 1234 2978; x_wconf 93' lang='lat'>0</span> <span class='ocrx_word' id='word_1_208' title='bbox 1262 2891 1391 2996; x_wconf 36' lang='lat' dir='ltr'>summa·</span> <span class='ocrx_word' id='word_1_209' title='bbox 1464 2896 1467 2902; x_wconf 57' lang='grc'><em>’</em></span> 
     </span>
     <span class='ocr_line' id='line_1_25' title="bbox 237 3018 1383 3107; baseline 0 -25"><span class='ocrx_word' id='word_1_210' title='bbox 237 3023 269 3083; x_wconf 93' lang='lat' dir='ltr'>et</span> <span class='ocrx_word' id='word_1_211' title='bbox 290 3023 397 3095; x_wconf 89' lang='lat' dir='ltr'>eterna</span> <span class='ocrx_word' id='word_1_212' title='bbox 418 3019 589 3101; x_wconf 85' lang='lat' dir='ltr'>sapiencia,</span> <span class='ocrx_word' id='word_1_213' title='bbox 613 3022 644 3082; x_wconf 89' lang='lat' dir='ltr'>et</span> <span class='ocrx_word' id='word_1_214' title='bbox 666 3018 698 3081; x_wconf 94' lang='lat' dir='ltr'>in</span> <span class='ocrx_word' id='word_1_215' title='bbox 721 3023 752 3081; x_wconf 90' lang='lat' dir='ltr'>te</span> <span class='ocrx_word' id='word_1_216' title='bbox 774 3018 941 3084; x_wconf 86' lang='lat' dir='ltr'>universali</span> <span class='ocrx_word' id='word_1_217' title='bbox 961 3018 1099 3100; x_wconf 83' lang='lat' dir='ltr'>principe</span> <span class='ocrx_word' id='word_1_218' title='bbox 1125 3021 1157 3082; x_wconf 89' lang='lat' dir='ltr'>et</span> <span class='ocrx_word' id='word_1_219' title='bbox 1178 3022 1289 3107; x_wconf 84' lang='lat' dir='ltr'>nature</span> <span class='ocrx_word' id='word_1_220' title='bbox 1311 3036 1383 3083; x_wconf 92' lang='lat' dir='ltr'>auc-</span> 
     </span>
     <span class='ocr_line' id='line_1_26' title="bbox 237 3110 1383 3205; baseline 0.003 -21"><span class='ocrx_word' id='word_1_221' title='bbox 237 3125 305 3185; x_wconf 90' lang='lat' dir='ltr'>tore</span> <span class='ocrx_word' id='word_1_222' title='bbox 326 3122 367 3186; x_wconf 91' lang='lat' dir='ltr'>ad</span> <span class='ocrx_word' id='word_1_223' title='bbox 389 3140 480 3203; x_wconf 89' lang='lat' dir='ltr'>quern</span> <span class='ocrx_word' id='word_1_224' title='bbox 502 3122 589 3188; x_wconf 90' lang='lat' dir='ltr'>nobis</span> <span class='ocrx_word' id='word_1_225' title='bbox 611 3140 722 3201; x_wconf 91' lang='lat' dir='ltr'>sermo,</span> <span class='ocrx_word' id='word_1_226' title='bbox 746 3120 1013 3205; x_wconf 78' lang='lat' dir='ltr'>omnesthesami</span> <span class='ocrx_word' id='word_1_227' title='bbox 1033 3110 1187 3204; x_wconf 79' lang='lat' dir='ltr'>sapiencie</span> <span class='ocrx_word' id='word_1_228' title='bbox 1209 3127 1241 3186; x_wconf 88' lang='lat' dir='ltr'>et</span> <span class='ocrx_word' id='word_1_229' title='bbox 1253 3122 1383 3188; x_wconf 91' lang='lat' dir='ltr'>sciencie</span> 
     </span>
     <span class='ocr_line' id='line_1_27' title="bbox 238 3223 1382 3311; baseline 0 -22"><span class='ocrx_word' id='word_1_230' title='bbox 238 3224 299 3289; x_wconf 91' lang='lat' dir='ltr'>sint</span> <span class='ocrx_word' id='word_1_231' title='bbox 321 3225 501 3304; x_wconf 89' lang='lat' dir='ltr'>absconditi,</span> <span class='ocrx_word' id='word_1_232' title='bbox 524 3225 628 3306; x_wconf 88' lang='lat' dir='ltr'>sisque</span> <span class='ocrx_word' id='word_1_233' title='bbox 650 3224 786 3290; x_wconf 93' lang='lat' dir='ltr'>omnium</span> <span class='ocrx_word' id='word_1_234' title='bbox 808 3223 927 3304; x_wconf 85' lang='lat' dir='ltr'>artifex,</span> <span class='ocrx_word' id='word_1_235' title='bbox 942 3243 1065 3289; x_wconf 90' lang='lat' dir='ltr'>omnem</span> <span class='ocrx_word' id='word_1_236' title='bbox 1081 3223 1198 3289; x_wconf 91' lang='lat' dir='ltr'>habens</span> <span class='ocrx_word' id='word_1_237' title='bbox 1210 3225 1382 3311; x_wconf 87' lang='lat' dir='ltr'>scienciam,</span> 
     </span>
     <span class='ocr_line' id='line_1_28' title="bbox 238 3319 1384 3410; baseline -0.001 -18"><span class='ocrx_word' id='word_1_238' title='bbox 238 3328 341 3392; x_wconf 88' lang='lat' dir='ltr'>omnia</span> <span class='ocrx_word' id='word_1_239' title='bbox 361 3328 569 3410; x_wconf 89' lang='lat' dir='ltr'>prospiciens:</span> <span class='ocrx_word' id='word_1_240' title='bbox 591 3328 663 3392; x_wconf 90' lang='lat' dir='ltr'>hinc</span> <span class='ocrx_word' id='word_1_241' title='bbox 685 3328 775 3392; x_wconf 85' lang='lat' dir='ltr'>avido</span> <span class='ocrx_word' id='word_1_242' title='bbox 798 3327 898 3392; x_wconf 90' lang='lat' dir='ltr'>cordis</span> <span class='ocrx_word' id='word_1_243' title='bbox 920 3319 1072 3392; x_wconf 86' lang='lat' dir='ltr'>desiderio</span> <span class='ocrx_word' id='word_1_244' title='bbox 1095 3331 1177 3408; x_wconf 90' lang='lat' dir='ltr'>peto,</span> <span class='ocrx_word' id='word_1_245' title='bbox 1200 3331 1237 3391; x_wconf 90' lang='lat' dir='ltr'>ut</span> <span class='ocrx_word' id='word_1_246' title='bbox 1259 3328 1384 3393; x_wconf 89' lang='lat' dir='ltr'>thesau-</span> 
     </span>
     <span class='ocr_line' id='line_1_29' title="bbox 237 3413 1384 3515; baseline -0.003 -18"><span class='ocrx_word' id='word_1_247' title='bbox 237 3451 307 3496; x_wconf 90' lang='lat' dir='ltr'>rum</span> <span class='ocrx_word' id='word_1_248' title='bbox 329 3413 483 3514; x_wconf 83' lang='lat' dir='ltr'>sapiencie</span> <span class='ocrx_word' id='word_1_249' title='bbox 505 3435 558 3496; x_wconf 86' lang='lat' dir='ltr'>tue</span> <span class='ocrx_word' id='word_1_250' title='bbox 579 3431 672 3497; x_wconf 90' lang='lat' dir='ltr'>michi</span> <span class='ocrx_word' id='word_1_251' title='bbox 694 3433 824 3515; x_wconf 85' lang='lat' dir='ltr'>aperias,</span> <span class='ocrx_word' id='word_1_252' title='bbox 848 3422 1072 3511; x_wconf 78' lang='lat' dir='ltr'>sciendumque</span> <span class='ocrx_word' id='word_1_253' title='bbox 1094 3435 1272 3495; x_wconf 89' lang='lat' dir='ltr'>sanctorum</span> <span class='ocrx_word' id='word_1_254' title='bbox 1295 3431 1384 3495; x_wconf 91' lang='lat' dir='ltr'>etde</span> 
     </span>
     <span class='ocr_line' id='line_1_30' title="bbox 238 3531 1385 3622; baseline 0.001 -24"><span class='ocrx_word' id='word_1_255' title='bbox 238 3534 329 3599; x_wconf 88' lang='lat' dir='ltr'>rebus</span> <span class='ocrx_word' id='word_1_256' title='bbox 350 3537 470 3617; x_wconf 82' lang='lat' dir='ltr'>magnis</span> <span class='ocrx_word' id='word_1_257' title='bbox 491 3537 641 3617; x_wconf 86' lang='lat' dir='ltr'>instruas,</span> <span class='ocrx_word' id='word_1_258' title='bbox 673 3541 705 3602; x_wconf 88' lang='lat' dir='ltr'>et</span> <span class='ocrx_word' id='word_1_259' title='bbox 734 3540 770 3600; x_wconf 89' lang='lat' dir='ltr'>ut</span> <span class='ocrx_word' id='word_1_260' title='bbox 797 3531 945 3599; x_wconf 86' lang='lat' dir='ltr'>materias</span> <span class='ocrx_word' id='word_1_261' title='bbox 968 3551 1090 3614; x_wconf 90' lang='lat' dir='ltr'>quoque</span> <span class='ocrx_word' id='word_1_262' title='bbox 1111 3531 1327 3622; x_wconf 74' lang='lat' dir='ltr'>subtilissimns</span> <span class='ocrx_word' id='word_1_263' title='bbox 1347 3550 1385 3599; x_wconf 90' lang='lat' dir='ltr'>ac</span> 
     </span>
     <span class='ocr_line' id='line_1_31' title="bbox 237 3622 1450 3724; baseline -0.001 -22"><span class='ocrx_word' id='word_1_264' title='bbox 237 3636 491 3720; x_wconf 87' lang='lat' dir='ltr'>profundissimas</span> <span class='ocrx_word' id='word_1_265' title='bbox 509 3659 591 3705; x_wconf 92' lang='lat' dir='ltr'>nunc</span> <span class='ocrx_word' id='word_1_266' title='bbox 605 3639 839 3724; x_wconf 84' lang='lat' dir='ltr'>pertractandas</span> <span class='ocrx_word' id='word_1_267' title='bbox 856 3622 893 3701; x_wconf 80' lang='lat' dir='ltr'>in</span> <span class='ocrx_word' id='word_1_268' title='bbox 910 3635 1046 3701; x_wconf 82' lang='lat' dir='ltr'>medium</span> <span class='ocrx_word' id='word_1_269' title='bbox 1058 3655 1223 3718; x_wconf 85' lang='lat' dir='ltr'>proponas.</span> <span class='ocrx_word' id='word_1_270' title='bbox 1258 3635 1385 3718; x_wconf 89' lang='lat' dir='ltr'>Sapien-</span> <span class='ocrx_word' id='word_1_271' title='bbox 1444 3681 1450 3691; x_wconf 78' lang='lat'><em>-</em></span> 
     </span>
     <span class='ocr_line' id='line_1_32' title="bbox 239 3733 1386 3828; baseline -0.003 -21"><span class='ocrx_word' id='word_1_272' title='bbox 239 3743 286 3807; x_wconf 90' lang='lat' dir='ltr'>cia</span> <span class='ocrx_word' id='word_1_273' title='bbox 306 3744 543 3828; x_wconf 88' lang='lat' dir='ltr'>respondit(8):</span> <span class='ocrx_word' id='word_1_274' title='bbox 566 3745 625 3809; x_wconf 87' lang='lat' dir='ltr'>Fili</span> <span class='ocrx_word' id='word_1_275' title='bbox 647 3743 784 3826; x_wconf 85' lang='lat' dir='ltr'>my&#39;noli</span> <span class='ocrx_word' id='word_1_276' title='bbox 806 3735 903 3805; x_wconf 88' lang='lat' dir='ltr'>altum</span> <span class='ocrx_word' id='word_1_277' title='bbox 915 3740 962 3824; x_wconf 83' lang='lat'>(9)</span> <span class='ocrx_word' id='word_1_278' title='bbox 976 3757 1085 3822; x_wconf 88' lang='lat' dir='ltr'>sapere</span> <span class='ocrx_word' id='word_1_279' title='bbox 1107 3741 1162 3805; x_wconf 90' lang='lat' dir='ltr'>sed</span> <span class='ocrx_word' id='word_1_280' title='bbox 1183 3741 1268 3804; x_wconf 91' lang='lat' dir='ltr'>time.</span> <span class='ocrx_word' id='word_1_281' title='bbox 1302 3733 1386 3805; x_wconf 76' lang='lat' dir='ltr'>nuni</span> 
     </span>
     <span class='ocr_line' id='line_1_33' title="bbox 238 3829 1383 3931; baseline -0.003 -21"><span class='ocrx_word' id='word_1_282' title='bbox 238 3865 299 3926; x_wconf 90' lang='lat' dir='ltr'>me,</span> <span class='ocrx_word' id='word_1_283' title='bbox 323 3851 355 3910; x_wconf 89' lang='lat' dir='ltr'>et</span> <span class='ocrx_word' id='word_1_284' title='bbox 376 3848 492 3913; x_wconf 90' lang='lat' dir='ltr'>docebo</span> <span class='ocrx_word' id='word_1_285' title='bbox 514 3839 738 3931; x_wconf 77' lang='lat' dir='ltr'>te(10)utilia.</span> <span class='ocrx_word' id='word_1_286' title='bbox 773 3829 919 3910; x_wconf 81' lang='lat' dir='ltr'>Tribuam</span> <span class='ocrx_word' id='word_1_287' title='bbox 940 3845 997 3910; x_wconf 88' lang='lat' dir='ltr'>tibi</span> <span class='ocrx_word' id='word_1_288' title='bbox 1019 3844 1134 3910; x_wconf 92' lang='lat' dir='ltr'>donum</span> <span class='ocrx_word' id='word_1_289' title='bbox 1160 3843 1383 3928; x_wconf 83' lang='lat' dir='ltr'>electum(ll).</span> 
     </span>
    </p>
   </div>
   <div class='ocr_carea' id='block_1_9' title="bbox 238 3982 1386 4496">
    <p class='ocr_par' dir='ltr' id='par_1_9' title="bbox 238 3982 1386 4496">
     <span class='ocr_line' id='line_1_34' title="bbox 306 3982 1386 4052; baseline -0.009 1"><span class='ocrx_word' id='word_1_290' title='bbox 306 3983 341 4052; x_wconf 82' lang='grc' dir='ltr'>(Ῑ)</span> <span class='ocrx_word' id='word_1_291' title='bbox 364 3987 459 4048; x_wconf 85' lang='lat' dir='ltr'>Jadd</span> <span class='ocrx_word' id='word_1_292' title='bbox 479 3993 546 4046; x_wconf 89' lang='lat' dir='ltr'>sunt</span> <span class='ocrx_word' id='word_1_293' title='bbox 566 4021 610 4030; x_wconf 97' lang='lat'>—</span> <span class='ocrx_word' id='word_1_294' title='bbox 632 3982 668 4052; x_wconf 70' lang='grc' dir='ltr'>(ἳ)</span> <span class='ocrx_word' id='word_1_295' title='bbox 691 3988 784 4047; x_wconf 89' lang='lat' dir='ltr'>Dsibi</span> <span class='ocrx_word' id='word_1_296' title='bbox 805 3989 967 4047; x_wconf 85' lang='lat' dir='ltr'>necessaria</span> <span class='ocrx_word' id='word_1_297' title='bbox 989 3992 1055 4047; x_wconf 88' lang='lat' dir='ltr'>sunt</span> <span class='ocrx_word' id='word_1_298' title='bbox 1098 3985 1204 4044; x_wconf 87' lang='lat' dir='ltr'>Lsunt</span> <span class='ocrx_word' id='word_1_299' title='bbox 1223 3986 1386 4044; x_wconf 88' lang='lat' dir='ltr'>necessaria</span> 
     </span>
     <span class='ocr_line' id='line_1_35' title="bbox 240 4066 1385 4151; baseline -0.004 -17"><span class='ocrx_word' id='word_1_300' title='bbox 240 4077 293 4134; x_wconf 91' lang='lat' dir='ltr'>sibi</span> <span class='ocrx_word' id='word_1_301' title='bbox 338 4074 447 4133; x_wconf 87' lang='lat' dir='ltr'>Msunt</span> <span class='ocrx_word' id='word_1_302' title='bbox 467 4077 629 4133; x_wconf 86' lang='lat' dir='ltr'>necessaria</span> <span class='ocrx_word' id='word_1_303' title='bbox 650 4108 694 4119; x_wconf 90' lang='grc'><strong>-</strong></span> <span class='ocrx_word' id='word_1_304' title='bbox 716 4070 751 4139; x_wconf 84' lang='grc'>(3)</span> <span class='ocrx_word' id='word_1_305' title='bbox 776 4075 843 4151; x_wconf 76' lang='lat' dir='ltr'>Cor.</span> <span class='ocrx_word' id='word_1_306' title='bbox 864 4075 890 4145; x_wconf 91' lang='lat'>1,</span> <span class='ocrx_word' id='word_1_307' title='bbox 912 4077 955 4146; x_wconf 81' lang='lat'>12,</span> <span class='ocrx_word' id='word_1_308' title='bbox 978 4075 1022 4132; x_wconf 88' lang='grc'>31.</span> <span class='ocrx_word' id='word_1_309' title='bbox 1051 4105 1096 4115; x_wconf 91' lang='grc'>-</span> <span class='ocrx_word' id='word_1_310' title='bbox 1126 4066 1162 4137; x_wconf 81' lang='grc'>(4)</span> <span class='ocrx_word' id='word_1_311' title='bbox 1186 4070 1337 4130; x_wconf 79' lang='lat' dir='ltr'>CDPadd</span> <span class='ocrx_word' id='word_1_312' title='bbox 1356 4073 1385 4129; x_wconf 93' lang='lat' dir='ltr'>in</span> 
     </span>
     <span class='ocr_line' id='line_1_36' title="bbox 238 4154 1384 4234; baseline -0.003 -15"><span class='ocrx_word' id='word_1_313' title='bbox 238 4194 282 4204; x_wconf 92' lang='lat'><em>-</em></span> <span class='ocrx_word' id='word_1_314' title='bbox 305 4155 340 4225; x_wconf 86' lang='grc'>(5)</span> <span class='ocrx_word' id='word_1_315' title='bbox 365 4161 453 4219; x_wconf 81' lang='lat' dir='ltr'>CPet</span> <span class='ocrx_word' id='word_1_316' title='bbox 475 4164 516 4220; x_wconf 91' lang='lat' dir='ltr'>sic</span> <span class='ocrx_word' id='word_1_317' title='bbox 544 4194 588 4202; x_wconf 97' lang='lat'><strong>—</strong></span> <span class='ocrx_word' id='word_1_318' title='bbox 618 4155 653 4225; x_wconf 84' lang='grc'>(6)</span> <span class='ocrx_word' id='word_1_319' title='bbox 676 4163 759 4219; x_wconf 82' lang='lat' dir='ltr'>Paul.</span> <span class='ocrx_word' id='word_1_320' title='bbox 780 4163 837 4234; x_wconf 88' lang='lat'>33,</span> <span class='ocrx_word' id='word_1_321' title='bbox 867 4164 894 4220; x_wconf 89' lang='lat'>9.</span> <span class='ocrx_word' id='word_1_322' title='bbox 922 4194 966 4203; x_wconf 93' lang='lat'><strong>—</strong></span> <span class='ocrx_word' id='word_1_323' title='bbox 993 4154 1030 4224; x_wconf 82' lang='grc'>(7)</span> <span class='ocrx_word' id='word_1_324' title='bbox 1059 4156 1384 4233; x_wconf 81' lang='lat' dir='ltr'>BDFKLnaturalitar3</span> 
     </span>
     <span class='ocr_line' id='line_1_37' title="bbox 239 4241 1385 4323; baseline -0.003 -17"><span class='ocrx_word' id='word_1_325' title='bbox 239 4265 310 4306; x_wconf 79' lang='lat' dir='ltr'>mox</span> <span class='ocrx_word' id='word_1_326' title='bbox 339 4246 595 4306; x_wconf 88' lang='lat' dir='ltr'>AHLdesiderent</span> <span class='ocrx_word' id='word_1_327' title='bbox 613 4280 666 4322; x_wconf 30' lang='lat'>,-</span> <span class='ocrx_word' id='word_1_328' title='bbox 688 4241 725 4312; x_wconf 82' lang='grc'>(8)</span> <span class='ocrx_word' id='word_1_329' title='bbox 746 4247 893 4323; x_wconf 85' lang='lat' dir='ltr'>respondit</span> <span class='ocrx_word' id='word_1_330' title='bbox 913 4244 962 4306; x_wconf 77' lang='lat' dir='ltr'>&#39;orn</span> <span class='ocrx_word' id='word_1_331' title='bbox 992 4245 1198 4322; x_wconf 83' lang='lat' dir='ltr'>ADEJKLM:</span> <span class='ocrx_word' id='word_1_332' title='bbox 1228 4244 1304 4304; x_wconf 81' lang='lat' dir='ltr'>BCP</span> <span class='ocrx_word' id='word_1_333' title='bbox 1326 4263 1385 4303; x_wconf 84' lang='lat' dir='ltr'>ou-</span> 
     </span>
     <span class='ocr_line' id='line_1_38' title="bbox 241 4327 1386 4409; baseline -0.001 -18"><span class='ocrx_word' id='word_1_334' title='bbox 241 4341 298 4391; x_wconf 82' lang='lat' dir='ltr'>tem</span> <span class='ocrx_word' id='word_1_335' title='bbox 319 4333 427 4392; x_wconf 82' lang='lat' dir='ltr'>habeat</span> <span class='ocrx_word' id='word_1_336' title='bbox 449 4333 602 4409; x_wconf 84' lang='lat' dir='ltr'>respondet</span> <span class='ocrx_word' id='word_1_337' title='bbox 629 4366 673 4376; x_wconf 96' lang='lat'><strong>—</strong></span> <span class='ocrx_word' id='word_1_338' title='bbox 696 4327 732 4397; x_wconf 83' lang='grc'>(9)</span> <span class='ocrx_word' id='word_1_339' title='bbox 754 4333 886 4392; x_wconf 81' lang='lat' dir='ltr'>KMalta</span> <span class='ocrx_word' id='word_1_340' title='bbox 913 4367 956 4376; x_wconf 89' lang='lat'><strong>—</strong></span> <span class='ocrx_word' id='word_1_341' title='bbox 979 4327 1032 4404; x_wconf 78' lang='lat'>(10)</span> <span class='ocrx_word' id='word_1_342' title='bbox 1055 4338 1084 4391; x_wconf 90' lang='lat' dir='ltr'>ta</span> <span class='ocrx_word' id='word_1_343' title='bbox 1106 4350 1155 4392; x_wconf 89' lang='lat' dir='ltr'>om</span> <span class='ocrx_word' id='word_1_344' title='bbox 1177 4331 1314 4391; x_wconf 81' lang='lat' dir='ltr'>anKP</span> <span class='ocrx_word' id='word_1_345' title='bbox 1342 4365 1386 4374; x_wconf 97' lang='lat'>—</span> 
     </span>
     <span class='ocr_line' id='line_1_39' title="bbox 241 4414 780 4496; baseline -0.004 -16"><span class='ocrx_word' id='word_1_346' title='bbox 241 4414 294 4480; x_wconf 79' lang='lat'>(1¹)</span> <span class='ocrx_word' id='word_1_347' title='bbox 317 4421 410 4479; x_wconf 78' lang='lat' dir='ltr'>Pron.</span> <span class='ocrx_word' id='word_1_348' title='bbox 431 4423 460 4492; x_wconf 71' lang='lat' dir='ltr'>d,</span> <span class='ocrx_word' id='word_1_349' title='bbox 482 4423 510 4478; x_wconf 81' lang='lat'>2.</span> <span class='ocrx_word' id='word_1_350' title='bbox 532 4420 663 4496; x_wconf 74' lang='lat' dir='ltr'>Supicat.</span> <span class='ocrx_word' id='word_1_351' title='bbox 684 4421 714 4492; x_wconf 88' lang='lat'>3,</span> <span class='ocrx_word' id='word_1_352' title='bbox 736 4423 780 4478; x_wconf 77' lang='lat'>14.</span> 
     </span>
    </p>
   </div>
   <div class='ocr_carea' id='block_1_10' title="bbox 0 0 1627 5130">
    <p class='ocr_par' dir='ltr' id='par_1_10' title="bbox 0 0 1627 5130">
     <span class='ocr_line' id='line_1_40' title="bbox 0 0 1627 5130; baseline 0 0"><span class='ocrx_word' id='word_1_353' title='bbox 0 0 1627 5130; x_wconf 95' lang='lat' dir='ltr'> </span> 
     </span>
    </p>
   </div>
  </div>
 </body>
</html>
