3232 5130
1307 366 1370 432 209

232 506 369 572 animum
389 522 512 570 sursum
532 501 644 582 trabit,
671 505 704 566 et
724 500 885 568 tristiciam
906 486 1117 568 inordinatam
1135 500 1269 583 depellit.
1311 503 1369 586 Jp-

234 608 476 692 sa(l)inimicos
499 607 673 689 spirituales
694 605 797 687 fugat,
822 607 914 671 deum
935 605 1053 688 placat,
1084 605 1209 686 angelos
1229 604 1369 690 letificat,

234 715 351 779 animas
373 731 392 777 a
412 717 525 794 purgat
512 712 591 777 torio
612 712 739 790 liberat,
710 715 801 775 tet
828 712 888 775 toti
917 711 1022 774 celesti
1052 710 1135 774 curie
1158 709 1271 790 gaudia
1292 729 1372 775 nova

234 818 387 900 propinat
420 815 680 882 DISCIPULUS:
705 815 731 880 Ο
753 832 846 896 surge
866 832 958 895 surge
971 832 1054 878 nunc
1068 814 1170 880 anima
1183 832 1262 894 mea,
1286 820 1317 881 et
1303 816 1373 881 t-lo
1381 899 1383 906 Α

236 940 330 1005 quere
351 940 408 986 can
409 922 548 1004 ticum(2
550 920 574 1002 ),
532 919 685 990 ι’(ιοιιι
663 924 758 984 ticum
779 939 801 984 u
801 919 886 1002 tique
907 919 1036 985 laudis
1028 938 1060 982 m
1075 937 1149 984 voce
1164 906 1372 986 exultacionis.

237 1025 383 1109 Cymbala
405 1028 597 1107 concrepent,
574 1024 715 1089 tcorda
738 1023 932 1089 coniubilent
963 1022 1066 1088 Tellus
1083 1023 1374 1088 omnisresultetin

235 1132 359 1195 laudem
380 1149 451 1196 crea
450 1119 540 1195 toris:
571 1129 596 1194 0
619 1128 830 1203 amantissima
851 1124 1023 1210 sapiencia,
1052 1127 1173 1216 benitas
1199 1130 1322 1208 eterna,
1344 1132 1377 1193 te

236 1255 346 1318 precor
357 1233 405 1318 (3)
417 1238 452 1298 ιιι
474 1233 556 1304 omni
576 1220 668 1297 mane
690 1232 834 1311 diluculo,
857 1250 928 1296 cum
949 1231 991 1295 ad
1012 1235 1045 1295 te
1065 1247 1227 1323 surrexero
1250 1234 1283 1295 et
1304 1250 1376 1297 ocu-

237 1341 284 1406 los
306 1357 472 1421 aperuero,
502 1337 593 1402 simul
619 1354 741 1418 quoque
764 1354 940 1407 cormeum
962 1336 994 1398 in
1014 1335 1107 1399 laude
1127 1340 1182 1399 tua
1203 1337 1377 1418 aperiatm,

239 1449 271 1508 et
292 1443 426 1525 quodam
446 1441 572 1506 lucifero
604 1441 781 1522 splendore
789 1458 826 1504 ac
838 1439 886 1522 (4)
897 1438 1039 1504 flammeo
1062 1440 1172 1504 ardore
1199 1440 1299 1505 laudis
1325 1444 1380 1506 tue

238 1547 339 1612 iacula
360 1547 499 1611 inmensa
520 1564 558 1611 ex
580 1563 616 1610 eo
638 1546 730 1610 simul
751 1548 889 1626 exurgat,
912 1544 945 1631 in
967 1562 1000 1609 se
1023 1543 1181 1608 continens
1203 1544 1250 1608 tui
1266 1546 1380 1611 amoris

238 1652 478 1716 incensissimam
490 1649 538 1735 (5)
549 1649 682 1731 gradum
704 1636 789 1714 cordi
810 1649 944 1712 humano
967 1665 1113 1730 umquam
1135 1647 1297 1712 desursum
1308 1667 1380 1714 con-

247 1756 380 1821 cessum:'
399 1754 637 1820 Sirnilitudinem
660 1771 782 1836 quoque
804 1752 923 1818 ardoris
934 1753 967 1817 in
983 1771 1017 1818 se
1030 1769 1140 1833 gerens
1160 1750 1380 1835 spiritusillius

240 1860 293 1941 qui
313 1860 395 1925 inter
416 1858 552 1941 supremi
574 1859 689 1923 ordinis
712 1857 845 1935 celestia
859 1857 983 1937 agmina
1001 1857 1036 1920 in
1057 1861 1089 1920 te
1112 1861 1144 1920 et
1165 1850 1208 1921 de'
1224 1861 1257 1920 te
1271 1857 1381 1922 arden-

240 1965 296 2043 cia,
319 1964 451 2027 maxime
472 1966 527 2027 ιιιο
550 1961 629 2026 calet
650 1962 682 2025 in
705 1980 828 2054 amore:
842 1960 906 2025 ‘Ad
932 1960 1087 2043 exemplar
1107 1948 1321 2026 nichilominus
1345 1961 1381 2024 il-

240 2068 345 2150 lius(6
347 2064 552 2149 )supersubst
539 2065 732 2135 tancialist
701 2069 732 2128 et
754 2065 1022 2147 superessentialis
1045 2084 1081 2130 ac
1098 2064 1258 2130 ineffabilis
1271 2067 1382 2130 carita-

240 2172 290 2251 tis,
311 2171 344 2235 in
362 2185 439 2263 qua·
448 2172 647 2272 tuopater
664 2169 783 2238 celestis
811 2167 1034 2234 fervent1ssime
1064 2161 1163 2250 diligis
1192 2173 1282 2242 tuum
1310 2170 1378 2237 uni-

241 2254 410 2357 genitum
401 2293 434 2338 ιιι
454 2260 565 2363 spiritu
587 2276 704 2337 sancto
661 2273 779 2335 ιιΕ
765 2275 873 2354 tpeto
894 2276 930 2336 ut
916 2272 1008 2338 thee
1027 2272 1095 2339 laus
1117 2278 1182 2338 tam
1195 2275 1297 2339 ιιιοιιι
1298 2293 1333 2340 οι
1346 2293 1383 2340 ac

241 2380 397 2463 blandem
400 2377 577 2460 )resonet
569 2396 601 2442 m
625 2377 752 2441 cordat
738 2380 792 2440 ιιιο
814 2381 960 2457 paterno,
984 2378 1064 2442 sicut
1085 2386 1202 2467 sonare
1205 2379 1382 2454 consuerit

237 2502 294 2550 suo
315 2483 407 2547 modo
430 2482 567 2552 omnium
589 2480 824 2563 cytharedorum
846 2499 882 2545 ac
903 2478 1167 2546 musicaliumt
1104 2501 1152 2546 ms
1153 2486 1381 2547 trumentorum

239 2589 340 2654 suavis
362 2586 535 2651 modulacio
556 2585 588 2649 in
610 2585 702 2650 corde
724 2585 864 2673 iocunde,
878 2589 972 2662 statu
993 2586 1160 2663 iuventutis
1178 2584 1299 2651 florido.
1339 2587 1381 2651 Et

238 2693 271 2756 in
292 2691 350 2756 bac
370 2691 470 2756 laudis
492 2690 594 2755 facula
615 2689 714 2755 simul
728 2688 938 2773 ascendattue
952 2690 1127 2758 laudistam
1140 2689 1293 2756 odorifera
1304 2689 1385 2755 fumi

239 2796 357 2878 virgula
369 2796 428 2880 (8),
450 2800 515 2859 tam
537 2796 685 2876 graciosa,
709 2812 746 2858 ac
768 2795 794 2859 si
815 2798 897 2859 esset
919 2795 1078 2876 conposita
1100 2813 1137 2859 ex
1159 2796 1380 2861 omnibusaro-

239 2901 370 2966 manuus
392 2888 492 2965 mme'
509 2904 541 2963 et
561 2897 660 2975 tanis
684 2903 715 2963 ot
737 2899 872 2964 univers
899 2899 1034 2980 pulveris
1059 2899 1271 2981 pigmentarii:
1284 2880 1288 2889 '
1301 2899 1378 2963 ram

238 3005 387 3087 speciosa,
409 3004 581 3068 sicut'cum
601 3003 720 3067 vernali
741 3007 880 3083 tempore
892 2986 983 3067 flores
1000 3002 1166 3068 herbarum
1179 3003 1332 3085 pullulant
1345 3005 1377 3070 in

240 3108 356 3189 campis
377 3107 512 3189 pulchris
534 3108 695 3187 coloribus,
719 3111 751 3170 et
765 3107 890 3171 arbores
906 3109 991 3171 stant
1002 3105 1162 3172 frondibus
1177 3110 1292 3174 omatis
1307 3129 1377 3192 gra·

240 3213 280 3276 tis
304 3211 456 3276 odoribus.
497 3195 604 3293 Sitqne
630 3211 730 3276 laudis
759 3210 849 3275 buius
874 3207 975 3275 facula
995 3213 1060 3276 tam
1082 3222 1224 3276 amorosa
1245 3231 1281 3277 ac
1303 3215 1378 3283 deli·

241 3316 333 3396 ciosa,
355 3319 392 3379 ut
410 3316 443 3380 in
465 3333 534 3380 eam
556 3315 636 3380 oculi
656 3316 702 3379 tui
717 3315 939 3380 delectabiliter
950 3313 1098 3395 ferantur,
1120 3318 1377 3398 totanuecelestis

240 3420 312 3484 aula
331 3419 470 3496 resultet.
503 3419 546 3482 Et
566 3419 623 3483 bec
644 3419 757 3500 iugiter
777 3419 843 3484 sine
852 3419 1079 3495 intermissione
1091 3417 1293 3510 fervidissimo
1307 3427 1376 3488 estu

241 3523 486 3606 etrapidissimo
509 3521 610 3586 calore
631 3523 677 3586 tui
698 3524 811 3588 amoris
832 3541 955 3588 sursum
978 3527 1123 3604 exsurgat,
1149 3541 1186 3588 ex
1208 3525 1300 3590 corde
1320 3545 1377 3608 per

241 3628 385 3693 devotam
404 3626 649 3707 meditacionem,
672 3645 709 3691 ex
729 3627 818 3692 labiis
839 3646 896 3710 per
912 3627 1271 3708 fervidamlocueionem,
1295 3634 1376 3695 etex
1430 3627 1432 3633 ’

241 3732 381 3807 omnibus
403 3731 546 3814 operibus
567 3730 644 3798 meis
663 3748 721 3814 per
741 3737 879 3797 sanctam
891 3749 928 3797 ac
942 3732 1086 3799 celestem
1100 3734 1376 3801 conversacionem.
1395 3770 1397 3773 ·

240 3835 283 3900 Et
303 3835 361 3900 bec
380 3835 480 3901 laudis
501 3833 602 3900 facula
622 3853 680 3901 sua
699 3835 814 3900 virtute
829 3854 935 3903 omncs
966 3837 1105 3912 inimicos
1135 3836 1275 3920 repellat,
1304 3857 1375 3920 gra-

241 3939 319 4004 ciam
340 3945 462 4022 augeat,
484 3939 577 4005 finem
597 3941 723 4005 beatum
745 3941 892 4022 optineat,
916 3944 948 4004 et
969 3941 1099 4022 gloriam
1121 3945 1227 4007 eterne
1243 3940 1376 4008 biatitu-

240 4043 320 4109 dinis
342 4046 491 4127 acquirat,
512 4049 548 4108 ut
534 4042 637 4109 tfinis
659 4043 750 4110 buius
770 4044 899 4109 laudist
885 4038 1118 4131 temporalissit
1131 4045 1256 4111 inicium
1270 4051 1376 4112 eterne

238 4151 338 4217 laudis
359 4154 415 4233 pat
415 4150 461 4214 rie
485 4149 587 4214 celest
579 4168 615 4213 ιο.
646 4148 756 4215 Amen.

306 4269 342 4339 (¹)
365 4274 442 4334 CDP
454 4273 517 4335 add
537 4290 716 4349 quoque-
737 4267 773 4336 (2)
795 4272 894 4332 Judie
916 4275 944 4345 5,
965 4276 1073 4332 12.-
1095 4267 1131 4337 (3)
1151 4273 1173 4333 J
1185 4227 1377 4350 deprecor-

221 4354 276 4423 (4)
299 4361 476 4420 CFPet—
497 4356 531 4424 (5)
553 4360 660 4422 ADFL
670 4361 908 4419 intantrsarmnm
931 4358 978 4418 BJ
986 4361 1273 4420 incensissimam
1294 4358 1377 4430 (6)L

242 4447 396 4521 ipsius-
417 4441 442 4510 ι
444 4443 454 4511 1
476 4446 531 4507 AB
542 4455 602 4509 tam
623 4447 728 4508 blande
740 4462 774 4508 ao
793 4442 882 4527 (And
894 4441 932 4526 et)
947 4448 1127 4507 suaviter-
1148 4440 1182 4510 (8)
1206 4447 1292 4510 eane.
1304 4453 1334 4526 3,
1350 4457 1381 4514 6.

1122 4533 1171 4605 14
