3232 5130
1313 364 1374 427 221

234 516 387 565 amorem:
410 497 539 580 Semper
559 498 730 579 cogitantes
751 497 965 564 excellenciam
987 501 1019 563 11
1039 497 1187 580 pietatem
1215 498 1308 565 huius
1329 498 1376 564 di·

233 603 389 670 vinissime
408 621 530 684 sponse,
551 607 584 668 et
606 621 699 684 quam
720 603 802 669 beati
824 606 897 667 sunt
917 602 962 667 illi
976 603 1029 685 qui
1041 603 1106 667 eius
1121 602 1260 668 amicicia
1275 603 1376 670 inhac

233 707 487 773 vita-memerint
498 706 546 790 (1)
559 707 706 772 decorari.
740 706 782 771 Et
803 705 861 770 hec
883 706 1083 792 desponsacio
1097 707 1146 771 vel
1162 707 1376 793 desponsacio-

223 812 283 877 ‘nis
303 812 429 893 antique
449 811 609 875 innovacio
631 814 760 892 propter
780 810 1000 876 fervenciorem
1021 811 1196 876 devocionis
1215 811 1376 876 excitacio-

233 934 306 981 uem
328 915 420 979 debet
439 913 506 979 fieri
526 933 590 979 non
611 915 711 979 solum
734 915 772 979 ab
794 914 919 978 intrain
934 914 1046 994 anima,
1069 915 1125 980 sed
1146 919 1178 979 et
1185 914 1233 999 (2)
1242 909 1379 981 exterius

233 1020 306 1085 licet
326 1019 445 1084 occulte
466 1037 523 1101 per
545 1018 648 1100 aliqua
669 1019 766 1098 signa,
788 1022 865 1098 puta
886 1019 943 1098 per
964 1021 1028 1082 tres
1041 1019 1278 1099 prostraciones,
1295 1020 1376 1102 seip-

234 1141 304 1189 sum
323 1123 356 1188 in
378 1124 495 1189 eisdem
515 1127 604 1187 tante
625 1139 738 1204 sponse
760 1122 862 1187 dando
885 1120 1040 1187 offerendo
1067 1127 1099 1186 et
1127 1121 1314 1202 exhibendo,
1344 1128 1377 1188 et

234 1244 337 1293 arram
359 1227 607 1310 desponsacionis
630 1227 668 1291 ab
691 1244 729 1290 ea
743 1226 892 1306 petenda·
910 1226 1170 1308 scilicetaliquam
1182 1244 1295 1290 novam
1305 1245 1376 1307 gra-

235 1332 314 1396 ciam
334 1332 367 1394 in
389 1332 510 1412 signum
531 1334 639 1394 mutue
661 1330 835 1394 dileccionis
858 1334 889 1392 et
909 1327 1076 1408 fidelitatis,
1100 1346 1194 1411 quam
1215 1347 1315 1410 neque
1327 1329 1375 1415 (3)

235 1455 319 1501 mors
339 1454 439 1517 neque
460 1435 525 1500 vita
546 1452 646 1516 neque
658 1433 705 1518 (4)
718 1451 908 1515 quecumque
923 1438 1065 1497 creatura
1081 1434 1309 1515 inperpetuum
1324 1434 1377 1499 de·

235 1541 307 1625 beat
326 1540 450 1604 violare.
484 1539 526 1603 Et
548 1539 621 1620 quia
641 1539 823 1620 plerumque
844 1536 927 1601 facta
948 1537 1017 1618 plus
1039 1541 1165 1602 movent
1194 1555 1287 1618 quam
1307 1557 1377 1603 ver·

235 1646 290 1710 ba:
312 1643 426 1708 factum
449 1644 606 1725 quoddam
627 1643 717 1708 valde
737 1641 874 1724 notabile
895 1659 931 1706 ac
952 1650 1062 1706 rarum'
1073 1641 1266 1724 multumque
1287 1644 1377 1707 moti·

234 1767 317 1827 vum
339 1752 483 1829 spectans
505 1748 546 1812 ad
567 1747 770 1829 propositum,
792 1747 849 1828 tibi
869 1745 1023 1812 revelabo.
1115 1794 1118 1799 .
1193 1830 1198 1841 ἱ

299 1853 378 1918 Erat
400 1852 526 1934 quidam
547 1852 665 1917 iuvenis
688 1849 823 1916 fervidus
845 1854 975 1929 amator,
999 1850 1051 1931 qui
1072 1854 1311 1917 amoreterreno
1327 1870 1378 1916 re·

234 1957 306 2021 licto
328 1974 474 2037 sponsam
494 1955 576 2020 banc
598 1956 751 2034 celestem,
775 1955 910 2018 divinam
933 1954 1049 2019 scilieet
1070 1954 1256 2041 sapienciam
1277 1956 1377 2022 sibiin

235 2060 366 2127 amicam
394 2059 495 2139 elegit.
538 2058 732 2141 Cupiensque
758 2058 957 2124 vehementer
985 2058 1128 2122 dilectam
1154 2057 1234 2122 banc
1261 2059 1377 2127 intimis

235 2163 402 2229 visceribus
426 2162 526 2227 cordis
549 2162 596 2227 sui
617 2162 737 2244 plenius
758 2163 964 2244 incorporare,
987 2166 1138 2228 secretum
1153 2161 1255 2227 locum
1267 2164 1376 2244 peciit3

235 2270 269 2332 et
288 2285 346 2350 pre
367 2266 479 2331 amoris
501 2266 654 2349 stupenda
675 2264 872 2332 vehemencia
893 2284 1040 2347 surgens,
1065 2270 1097 2331 et
1117 2267 1301 2332 vestimenta
1321 2287 1378 2333 sua

236 2389 256 2435 a
276 2375 367 2453 parte
388 2369 540 2453 superiori
562 2370 698 2452 corporis
711 2368 758 2453 (5)
771 2370 1092 2453 extrahens-arrepto
1110 2370 1196 2445 ⁴ferro
1215 2373 1330 2456 acuto(
1352 2373 1376 2456 )‚

236 2494 329 2558 super
350 2475 434 2539 nuda
454 2475 616 2556 precordia
637 2475 771 2556 pectoris
793 2475 849 2554 sui,
872 2474 904 2538 in
927 2487 968 2541 ea
984 2478 1075 2557 parte
1096 2476 1149 2540 ubi
1162 2477 1263 2542 cordis
1276 2479 1378 2545 vitalis

235 2580 343 2662 pulsus
364 2580 509 2661 precipue
530 2578 652 2644 videtur
673 2580 794 2659 vigere,
816 2579 997 2660 predictum
1011 2578 1127 2644 fenum
1150 2581 1235 2645 carni
1255 2600 1311 2647 sue
1330 2583 1383 2648 in-'

234 2683 302 2749 fixit
322 2688 388 2748 tam
408 2683 526 2763 valide,
556 2687 592 2747 ut
613 2683 741 2765 singulis
764 2684 875 2749 ictibus
897 2702 987 2756 111111
1015 2685 1265 2768 sangvmeus(7)
1278 2705 1378 2751 erum-

234 2806 311 2870 pens
332 2792 513 2870 sequeretur
532 2788 612 2852 ictus
634 2787 789 2867 ferientis,
814 2792 845 2865 et
868 2788 1030 2869 sanguinis
1052 2788 1135 2852 unde
1156 2788 1288 2872 desuper
1307 2809 1379 2873 pre-

235 2892 345 2958 cordiis
367 2893 511 2958 deorsum
533 2890 703 2957 defluentes
722 2892 921 2957 decurrerent
932 2890 980 2975 (8)
991 2893 1175 2959 minutatim.
1198 2892 1309 2976 Sicque
1329 2899 1379 2960 tot

234 3001 342 3061 acutas
361 3000 530 3078 puncturas
551 3014 704 3088 serasque
725 2994 839 3061 fixuras
861 2995 933 3061 binc
952 2996 1025 3060 inde
1038 2994 1119 3076 fecit,
1143 2996 1377 3063 donectandem

234 3099 294 3165 hoe
313 3099 406 3164 modo
427 3111 540 3164 nomen
561 3100 736 3182 preclarum
757 3119 813 3165 sue
834 3119 956 3183 sponse,
980 3101 1063 3182 quod
1085 3105 1133 3166 est
1153 3101 1398 3190 1111111111·-

234 3205 282 3269 uis
305 3206 337 3268 et
358 3203 540 3284 capitalibus
561 3203 673 3269 litteris
695 3223 789 3286 super
809 3205 1003 3269 latitudinem
1034 3205 1135 3270 cordis
1157 3206 1205 3270 sui
1229 3208 1376 3273 exaravit.

235 3307 313 3375 (111111
334 3312 439 3372 autem
459 3306 518 3371 bec
538 3308 651 3373 amoris
672 3309 800 3374 vrdnera
820 3309 960 3373 recencia
988 3312 1021 3372 et
1048 3310 1290 3390 sanguinolenta
1319 3312 1378 3377 sibi
1460 3370 1463 3377 .

234 3413 362 3478 niarium
384 3412 499 3492 (ledeia,
513 3412 561 3476 -111
590 3430 684 3476 carne
711 3412 805 3478 livida
833 3412 1022 3494 aliquamdiu
1051 3431 1120 3477 cum
1141 3414 1240 3477 multo
1262 3415 1376 3480 amoris

234 3506 377 3582 incendio
395 3521 568 3598 portasset,
598 3516 724 3581 tandem
745 3521 817 3599 post
837 3517 951 3582 multos
974 3517 1039 3581 dies
1060 3520 1206 3596 sanatus,
1235 3516 1316 3581 clare
1345 3522 1377 3582 et

234 3620 369 3704 perfecte
390 3617 563 3701 predictum
584 3639 697 3686 nomen
719 3639 791 3686 caro
812 3620 866 3684 illa
889 3621 922 3684 in
952 3620 1061 3685 eodem
1088 3621 1155 3685 loco
1184 3621 1379 3701 integraliter·

236 3725 436 3791 conservavit.
467 3725 668 3790 Postmodum
689 3726 785 3807 igitur
807 3743 876 3788 cum
897 3724 947 3789 hic
969 3725 1089 3789 divinus
1111 3729 1232 3790 amator
1248 3725 1377 3807 quemli-

235 3831 288 3896 bet
307 3834 465 3894 terrenum
487 3834 656 3895 amatorem
678 3848 733 3896 sue
755 3847 868 3911 sponse
888 3848 1003 3894 vanum
1026 3848 1140 3894 nomen
1167 3829 1200 3892 in
1221 3833 1307 3895 veste
1327 3847 1376 3895 se·

236 3934 340 4014 sulani,
362 3938 398 3998 ut
420 3952 439 3998 a
459 3953 522 3999 non
542 3934 635 3999 nullis
656 3932 724 3999 fieri
744 3935 832 4015 solet,
857 3933 969 4000 deferri
980 3933 1029 4018 (9)
1040 3934 1180 3999 videbat:
1203 3952 1241 3998 111
1260 3933 1376 3998 intimis

300 4090 334 4158 (1)
357 4093 488 4154 CGJMP
497 4103 660 4155 meruerunt
687 4128 731 4138 -
753 4090 786 4159 (2)
816 4102 845 4154 et
867 4112 915 4154 om
937 4091 1081 4169 CGHJP3
1110 4109 1181 4151 moa
1208 4091 1264 4150 ΕΗ
1282 4091 1376 4152 oculte

234 4214 279 4224 —
299 4177 333 4246 (³)
355 4181 376 4241 J
387 4198 441 4240 nec
462 4214 507 4223 —
527 4176 561 4244 (4)
584 4176 786 4240 AEGHLnec
807 4178 906 4245 -,(5)
929 4180 1061 4239 ADcdd
1082 4181 1125 4238 sui
1154 4173 1377 4242 -(6)Μ11-

236 4274 318 4327 euto:
346 4273 390 4328 ita
412 4276 440 4328 ct
461 4268 595 4344 inferius.
622 4299 667 4311 -
696 4263 729 4331 (7)
752 4268 962 4345 Lsagvvineus:
985 4271 1029 4326 teo
1052 4273 1079 4325 ct
1103 4267 1200 4342 paolo
1227 4273 1303 4340 post.
1331 4298 1377 4310 -

237 4348 270 4416 (⁸)
294 4353 370 4413 GDP
382 4356 564 4415 decurrerent
585 4354 756 4431 defluentes3
778 4372 849 4415 moa
872 4353 921 4414 GJ
931 4355 1080 4413 minuatim
1106 4385 1150 4396 —-
1162 4408 1167 4415 .
1179 4347 1213 4418 (9)
1235 4352 1376 4415 Bdifferri

237 4439 336 4499 (111111
379 4442 432 4500 ΑΕ
445 4442 552 4503 deterre
596 4441 748 4502 Ddifferre
808 4461 812 4469 ·
1396 4444 1399 4453 ’
