3000 5196
196 330 260 394 226

193 484 232 551 ab
253 484 320 551 istis
342 485 452 551 devote
472 482 527 550 fiat
548 486 685 553 omnium
699 487 859 568 conditori,
883 490 915 552 et
928 489 1018 552 tanto
1032 487 1203 568 sollicitius,
1218 494 1343 570 quanto

191 591 249 656 hec
270 589 627 674 divinissima(l)amica
655 610 762 657 omnes
791 591 939 658 mortales
968 592 1000 656 in
1029 592 1140 673 graciis
1167 592 1342 674 precellere

191 695 318 760 dubium
338 713 401 760 non
423 699 479 761 est.
515 694 607 761 Unde
625 694 680 760 illa
701 696 751 761 die
773 715 829 762 sue
850 696 1013 762 karissime
1034 714 1148 779 sponse
1170 697 1271 762 divine
1294 698 1341 763 ad

189 799 401 866 incitacionem
420 816 475 863 sue
489 798 663 865 devocionis
678 801 782 865 lumen
799 800 960 883 corporale
975 798 1115 881 offerant,
1136 800 1186 866 vel
1197 801 1340 883 aliquam

189 904 363 972 oracionem
384 903 528 968 devotam
540 903 587 986 (1)
599 903 721 985 dicant,
744 904 863 988 seipsos
885 905 985 970 eidem
1007 902 1202 971 affectuosius
1223 923 1340 983 recon-

189 1008 373 1075 mandando.

254 1111 417 1194 Discipulis
438 1130 561 1194 quoque
581 1112 735 1195 sapiencie
755 1131 876 1179 summo
898 1113 998 1179 cordis
1020 1111 1132 1179 affectu
1150 1114 1340 1181 honoranda

189 1222 237 1284 est
248 1217 301 1282 illa
316 1220 416 1281 mater
428 1217 540 1282 summi
553 1217 635 1298 regis
651 1221 756 1282 eterne
772 1217 934 1300 sapiencie,
958 1234 1018 1299 que
1032 1218 1156 1283 eosdem
1170 1223 1338 1300 tamquam

187 1320 249 1388 filio
270 1321 396 1404 proprio
418 1320 583 1403 speciales,
613 1322 645 1386 in
667 1321 815 1404 speciales
828 1321 876 1405 (3)
888 1321 946 1387 sibi
966 1321 1033 1386 vult
1055 1340 1211 1389 assumere
1231 1320 1336 1405 filios,

187 1431 346 1492 eteorum
369 1444 474 1489 curam
495 1443 603 1506 gerere
624 1430 764 1491 materno
787 1445 857 1491 cum
879 1425 999 1491 affectu.
1030 1425 1121 1491 Unde
1137 1426 1264 1509 quilibet
1276 1427 1337 1494 de-

185 1536 275 1598 votus
296 1530 449 1612 sapiencie
470 1529 637 1611 discipulus
661 1530 753 1595 debet
776 1548 844 1594 eam
867 1531 994 1595 cottidie
1015 1530 1167 1596 honorare
1189 1549 1260 1596 curn
1278 1550 1336 1596 sa-

185 1635 340 1700 lutacione
361 1633 499 1714 angelica
520 1652 631 1698 novem
653 1634 769 1700 vicibus
792 1634 883 1698 dicta.
916 1632 1021 1698 Unum
1044 1653 1101 1699 ave
1122 1634 1222 1700 Maria
1244 1635 1336 1702 dicat

186 1757 255 1804 cum
275 1734 486 1818 genuflexione
508 1755 627 1802 summo
649 1755 740 1801 mane
770 1756 838 1803 cum
868 1738 968 1818 primo
997 1738 1096 1819 surgit
1108 1738 1156 1821 (4)
1169 1739 1207 1803 de
1226 1738 1332 1823 lecto,

185 1842 288 1908 omnia
308 1841 390 1907 bona
412 1859 507 1922 opera
527 1859 585 1906 sua
607 1841 656 1906 die
678 1841 730 1906 illa
742 1840 790 1926 (5)
801 1840 950 1922 facienda,
973 1843 1079 1924 regine
1094 1844 1150 1908 celi
1162 1843 1203 1907 ad
1214 1862 1333 1913 manus

185 1946 295 2012 devote
315 1945 518 2028 porrigendo,
547 1951 583 2010 ut
611 1964 680 2011 cum
701 1951 766 2011 tam
787 1947 956 2011 reverenda
978 1950 1010 2011 et
1031 1947 1143 2011 dilecta
1163 1951 1332 2034 materffi)

185 2068 222 2116 ea
243 2050 468 2132 presentaverit
488 2068 545 2115 suo
567 2048 630 2116 filio
643 2049 769 2134 (7)regi
790 2070 911 2116 summo
933 2055 1024 2132 grata
1045 2055 1078 2115 et
1099 2056 1225 2133 accepta
1235 2051 1330 2136 fiant,

182 2155 222 2221 ob
243 2154 450 2221 reverenciam
463 2153 511 2238 (8)
522 2158 610 2219 tante
631 2155 828 2235 mediatricis,
852 2174 912 2238 que
932 2154 1073 2221 fortassis
1094 2156 1215 2221 modica
1228 2159 1331 2223 ccvi-

182 2259 225 2324 lia
245 2258 407 2341 minusque
429 2263 519 2340 grata
540 2256 651 2324 fierent
672 2259 838 2324 inmediate
859 2264 1039 2342 presentata
1059 2278 1116 2341 per
1129 2277 1237 2325 manus
1251 2279 1329 2342 pec-

50 2412 54 2429 .
182 2362 304 2457 catoris.
338 2362 485 2428 Similiter
505 2363 538 2427 in
559 2381 628 2429 sero
650 2362 744 2428 faciat
764 2368 836 2445 post
858 2382 963 2430 omnes
986 2365 1153 2444 oraciones,
1177 2365 1326 2431 numiam

180 2468 348 2534 immediate
369 2468 410 2532 ad
430 2468 543 2533 lectum
567 2472 616 2534 est
637 2468 781 2534 eundum.
814 2469 857 2532 Et
885 2472 921 2532 ut
950 2486 986 2534 eo
1011 2469 1147 2534 securius
1170 2469 1323 2551 dormiat,

181 2575 220 2639 ab
243 2591 280 2638 ea
300 2576 398 2655 petat,
420 2576 456 2637 ut
478 2572 627 2655 quidquid
648 2573 702 2636 illa
723 2573 773 2637 die
787 2573 888 2637 nunus
901 2571 1016 2637 factum
1025 2573 1073 2658 (9)
1081 2577 1128 2638 est
1148 2592 1205 2656 per
1219 2573 1324 2655 ipsam

180 2677 376 2761 suppleatur,
407 2676 490 2758 quod
511 2676 591 2740 male
613 2674 727 2740 factum
741 2674 809 2759 (10)
820 2694 877 2757 per
897 2675 997 2756 ipsam
1017 2675 1069 2758 pie
1093 2677 1264 2756 relaxetur,
1289 2682 1324 2742 et

180 2782 263 2865 quod
283 2782 362 2846 bene
382 2778 497 2844 factum
520 2785 568 2845 est
589 2798 647 2861 per
668 2797 736 2844 eam
749 2778 819 2862 (11)
832 2783 1030 2844 conservetur
1057 2785 1089 2844 et
1117 2778 1321 2862 gratificetur.

178 2886 263 2952 Jtem
285 2889 404 2965 septem
426 2902 482 2949 ave
503 2882 604 2948 Maria
627 2883 731 2948 dicant
743 2883 811 2967 (12)
824 2883 908 2949 cordi
930 2884 1085 2964 genitricis
1108 2885 1158 2950 dei
1180 2885 1322 2950 dulcissi-

175 3009 227 3055 mo
250 2989 446 3070 omniumque
466 2991 663 3070 peccatorum
684 2987 802 3069 refugio
825 2988 961 3069 piissimo
974 2988 1058 3071 (13),
1088 2994 1124 3053 ut
1152 2990 1221 3072 ipsa
1240 2989 1320 3056 illud

175 3076 394 3161 suavissimum
411 3096 516 3156 eterne
544 3092 697 3174 sapiencie
725 3092 891 3156 triclinium
921 3097 1161 3174 cunctarumque
1189 3094 1320 3158 misera·

175 3200 297 3264 cionum
312 3197 426 3261 domini
438 3196 507 3280 (14)
520 3196 740 3278 depositorium
754 3195 1122 3278 supereffluentissimum,
1144 3197 1319 3262 misericor·

175 3303 255 3369 diter
276 3302 396 3384 aperiat
416 3305 448 3366 et
468 3301 595 3366 inclinet
616 3300 656 3365 ad
679 3319 784 3366 omues
806 3300 897 3366 huius
919 3302 1073 3384 sapiencie
1102 3300 1156 3365 filii
1183 3301 1230 3366 sui
1252 3300 1318 3368 dis·

173 3409 290 3492 cipulos
310 3408 343 3497 in
363 3407 472 3472 ultimo
494 3406 579 3472 exitu
591 3404 661 3490 (15)
675 3405 801 3488 spiritus
823 3407 886 3486 sui,
908 3409 946 3471 ut
967 3423 1019 3472 eos
1041 3409 1116 3471 tunc
1136 3406 1187 3488 pie
1209 3404 1317 3472 delen-

172 3514 246 3581 dere
267 3518 300 3578 et
320 3512 361 3579 ad
382 3513 439 3577 celi
459 3510 578 3594 palacia
590 3509 660 3595 (16)
673 3509 879 3575 concomitare
902 3510 1055 3592 dignetur.

179 3626 182 3633 '
227 3618 395 3707 ‘Postremo
416 3635 490 3684 vero
512 3617 596 3681 omni
617 3633 697 3681 anno
718 3614 859 3697 proxima
879 3613 957 3679 feria
969 3604 1144 3681 'inmediate
1162 3620 1315 3697 sequente

239 3808 277 3879 (1)
299 3811 504 3888 Gdigniaslma
516 3840 560 3852 -
581 3804 619 3874 (1)
641 3807 720 3867 cul>
731 3807 834 3869 devote
846 3842 889 3851 -
902 3802 938 3873 (3)
959 3809 1009 3868 FP
1021 3808 1191 3886 spirituales,
1204 3812 1232 3868 iu
1242 3826 1316 3885 spa-

177 3902 265 3963 ciales
307 3897 517 3974 Mspirituales,
539 3899 568 3954 in
589 3895 748 3971 spirituales
793 3895 841 3956 GJ
852 3898 881 3954 in
903 3896 1041 3972 speciales
1083 3896 1314 3974 Especiales-

172 3985 209 4056 (4)
230 3988 365 4063 uergat
385 4018 429 4027 —-
450 3982 484 4047 (5)
506 3983 580 4042 BOP
589 3981 639 4040 illo
659 4015 704 4024 —
726 3978 759 4045 (6)
782 3982 912 4042 Dmater
932 3988 961 4041 et
976 3982 1080 4043 dilecta
1112 3983 1161 4042 ΟΡ
1171 3991 1262 4043 mater
1283 3991 1313 4044 et

173 4078 277 4138 dilecta
298 4081 388 4133 mater
409 4104 452 4113 -
474 4067 509 4135 (7)
529 4068 708 4129 AGJMlilio
730 4086 782 4127 suo
803 4102 848 4112 -
869 4064 903 4132 (8)
927 4069 1004 4129 ODP
1016 4071 1079 4129 cdd
1098 4077 1196 4130 sancte
1218 4077 1247 4129 et
1266 4102 1314 4115 -

174 4161 208 4230 (9)
232 4161 446 4238 CPperlectum
478 4156 750 4216 Fbenelactum—
767 4151 818 4219 (10)
838 4155 965 4215 ADFJP
978 4152 1207 4219 addest-(ll)
1228 4155 1312 4216 RDL

171 4254 278 4327 ipsam;
300 4266 371 4308 moa
393 4244 584 4305 Bratillcetur
597 4276 641 4286 -
656 4238 708 4306 (12)
730 4242 897 4303 Edicantur
929 4242 990 4301 DM
1002 4244 1078 4302 dicat
1090 4274 1135 4287 -
1156 4235 1207 4305 (13)
1230 4241 1312 4303 CDP

173 4338 237 4396 add
256 4354 291 4397 ao
311 4333 535 4411 singularlasimo
554 4365 598 4375 -
619 4325 672 4394 (14)
693 4329 779 4390 Ddoi
823 4328 880 4389 GH
891 4329 945 4388 doo
966 4360 1010 4373 -
1031 4324 1084 4393 (¹5)
1105 4327 1134 4390 G
1152 4331 1244 4390 exitam
1265 4362 1312 4377 -

171 4418 223 4487 (16)
246 4420 416 4498 Epallaoia3
438 4436 509 4479 moa
530 4419 749 4481 llconoomitari
792 4414 1038 4492 DFPperducorc
