3232 5130
1308 361 1370 424 215

236 494 400 563 defendere
433 517 491 580 per
518 498 648 565 aliorum
678 499 870 581 tepiditatem
883 484 941 583 (1).
974 500 1138 565 Discursus
1165 497 1281 563 ludunt
1302 497 1371 562 inu·

236 602 315 694 tiles,
337 605 370 666 et
390 619 448 684 per
462 602 722 685 colloquiaprova
747 607 947 686 corrumpunt
962 604 1059 668 bonos
1080 601 1248 685 mores(2).
1268 600 1373 669 Verba

237 705 360 788 quidem
381 704 497 772 habent
518 707 672 771 interdum
694 708 734 772 ad
754 707 863 773 horam
885 708 1071 790 spiritualia,
1098 707 1154 772 sed
1172 704 1256 771 faeta
1276 723 1372 788 quon-

237 810 337 891 doque
358 809 533 875 subintraut
554 811 698 891 mmalia,
720 812 865 878 timentes
886 813 986 878 solum
1007 812 1112 877 oeulos
1131 810 1289 875 hominum
1305 825 1372 874 ma-

235 913 282 994 gis
304 930 397 995 quam
420 914 479 980 dei.
514 914 574 980 Gor
595 914 710 981 habent
729 917 892 982 mundanis
915 916 1072 982 desideriis
1092 915 1254 996 repletum.
1285 914 1372 980 nasi

235 1034 297 1099 qua
316 1017 433 1084 habent
452 1020 533 1084 bone
553 1037 659 1100 parra,
681 1020 785 1086 multis
807 1022 897 1086 malis
917 1024 991 1086 sunt
1011 1006 1171 1102 permixta.

301 1122 369 1189 Hoe
390 1123 484 1205 igitur
505 1124 597 1189 modo
620 1128 842 1206 consequenter
854 1126 887 1190 in
901 1126 1041 1191 omnibus
1052 1125 1119 1189 aliis
1132 1123 1269 1189 materiis
1281 1122 1372 1187 huius

235 1225 305 1291 libri
326 1245 424 1309 usque
447 1228 480 1292 in
501 1226 594 1292 finem
614 1230 730 1311 poterit
745 1230 873 1312 quilibet
882 1229 1037 1295 studiosus
1051 1224 1372 1308 eumdiligeueiaflos·

237 1331 321 1396 urlos
343 1332 515 1411 extrahere,
537 1333 619 1398 uude
640 1334 740 1415 possit
761 1335 802 1399 od
823 1333 931 1399 salutis
952 1334 1039 1399 viam
1053 1333 1226 1415 proximum
1249 1329 1374 1396 trahere

237 1434 330 1499 etad
352 1435 548 1502 devocionem
570 1437 712 1503 exaitare.
747 1439 837 1516 Quod
858 1438 982 1504 sibimet
1001 1436 1175 1502 ledendum
1195 1437 1264 1501 ideo
1280 1435 1373 1499 relin-

237 1538 374 1620 quimus,
403 1544 439 1604 ut
468 1541 497 1604 ei
526 1559 564 1605 ex
591 1542 650 1606 hoo
671 1543 774 1607 studio
797 1541 915 1607 fruetus
936 1542 1043 1607 salutis
1064 1545 1097 1606 et
1116 1558 1234 1607 meroes
1255 1542 1373 1605 ereseat

236 1645 341 1706 eterne
361 1644 583 1710 retribucionis.
707 1676 713 1685 ·
1028 1670 1032 1675 ·

235 1935 373 2013 Qualiter
394 1936 484 2002 mirlti
504 1936 611 2004 fideles
632 1940 753 2021 possint
761 1937 808 2023 (3)
817 1940 1004 2022 sapienciam
1021 1940 1155 2006 diurnam
1177 1940 1373 2022 desponsare,

278 2043 310 2103 et
331 2041 485 2120 quomodo
507 2059 563 2122 per
586 2043 755 2107 cottidiana
777 2044 910 2124 quedam
930 2045 1011 2109 levia
1032 2044 1180 2108 exercicia
1201 2044 1332 2108 debeant

444 2162 478 2209 se
500 2145 643 2231 oontmue
664 2145 696 2210 in
719 2145 857 2210 eiusdem
878 2163 984 2211 amore
1003 2163 1161 2211 renovare.

611 2297 801 2380 Capittulum
823 2300 996 2380 septimum.

301 2452 412 2521 Venite
429 2453 604 2519 filii-audite
621 2473 680 2520 me.
704 2454 816 2520 Venite
833 2459 866 2520 et
876 2455 924 2539 (4)
936 2456 1050 2535 audite,
1077 2459 1109 2520 et
1125 2456 1257 2523 narrabo
1277 2455 1373 2537 vobis,

236 2576 342 2624 omnes
362 2559 414 2640 qui
424 2559 538 2624 timetis
553 2559 653 2639 deum,
671 2563 787 2641 quauta
798 2558 872 2625 fecit
885 2560 1027 2627 dominus
1041 2559 1142 2624 anime
1155 2546 1293 2643 mesia).
1315 2559 1374 2626 Fe·

236 2663 279 2727 eit
299 2662 381 2728 enim
398 2663 490 2728 miehi
508 2682 629 2745 magna,
648 2664 721 2746 quia
728 2663 776 2747 (6)
783 2668 894 2746 potens
905 2668 962 2744 est,
982 2668 1014 2729 et
1024 2667 1164 2728 sanctum
1174 2681 1287 2728 nomeu
1298 2663 1373 2729 eius.

235 2765 331 2832 Plane
351 2754 582 2850 spectabilia'et
603 2767 757 2849 magnalia
773 2772 847 2833 sunt
859 2767 926 2848 heo,
948 2772 1106 2850 tamquam
1118 2766 1316 2852 insigniam,
1337 2770 1374 2832 ut

233 2862 273 2935 'ex
293 2871 352 2943 hiis
373 2891 436 2939 non
445 2872 587 2947 inmerito
602 2873 882 2939 admireturomuis
896 2872 998 2952 homo,
1020 2868 1323 2953 magnificansdeum
1335 2888 1374 2937 ae

235 2974 349 3056 dicens,
372 2977 516 3058 quoniam
527 2978 636 3059 bonus,
652 2978 796 3059 quoniam
809 2977 841 3042 in
855 2977 992 3043 seculum
1011 2975 1325 3060 misericordiosius(
1346 2975 1371 3060 t.

234 3078 442 3157 Quamobrem
463 3081 494 3146 s'r
512 3099 569 3163 ego
592 3081 716 3164 quidem
736 3082 818 3148 inter
838 3082 896 3148 heo
908 3082 1013 3149 sobrio
1022 3080 1156 3163 quadam
1166 3080 1316 3173 ebrietate
1327 3080 1373 3146 da

235 3183 310 3248 dear
330 3188 434 3249 mente
455 3186 611 3266 excedere,
635 3187 693 3251 deo
715 3186 944 3253 eoncedendum
958 3189 1015 3252 est.
1048 3183 1266 3251 Genitosenim
1279 3182 1373 3251 Oristi

140 3352 144 3358 .
234 3291 325 3368 urget
345 3286 472 3371 nos(9).
505 3290 638 3372 Jamque
659 3310 694 3357 os
715 3296 857 3358 nostrum
877 3294 978 3373 patet3
1007 3289 1064 3357 sed
1089 3293 1123 3355 et
1149 3306 1204 3355 eor
1230 3291 1372 3355 nostrum

235 3391 397 3458 dilatatum
408 3392 548 3477 est(10).
571 3395 721 3460 Auditum
743 3414 816 3477 ergo
837 3394 920 3461 huno
933 3392 1124 3461 iocunditate
1135 3396 1169 3459 et
1181 3390 1373 3457 endtaoione

233 3496 359 3578 plenum
380 3497 548 3562 milliorum
569 3517 627 3580 pro
649 3499 750 3565 salute
769 3499 941 3579 indultum,
965 3516 1079 3579 magno
1100 3495 1201 3562 cordis
1221 3494 1373 3569 desiderio

235 3600 320 3666 vobis
335 3605 496 3666 eructuare
511 3603 600 3684 cupio
615 3601 806 3669 festinanter.
835 3602 961 3668 Etenim
973 3604 1199 3669 somomeuorm
1210 3598 1373 3695 regis-obs·

234 3706 366 3770 oondere
387 3706 503 3771 bonum
524 3712 588 3787 est3
609 3725 707 3792 opera
727 3711 832 3777 eutem
853 3706 904 3774 dei
923 3705 1062 3772 revelare
1083 3708 1115 3769 et
1125 3701 1265 3771 confiteri
1272 3702 1371 3773 hono.-

233 3808 352 3876 rifioum
374 3811 514 3894 est(11).
548 3812 663 3879 Audito
683 3830 758 3895 ergo
779 3829 861 3877 nuno
880 3810 989 3895 populi
1009 3827 1124 3875 omnes.
1155 3808 1206 3875 De
1217 3806 1372 3889 regalius

233 3914 352 3999 nuptiis
373 3915 472 3995 venio,
496 3934 534 3981 er
553 3917 625 3997 vino
647 3915 705 3983 oeli
724 3920 851 4001 potatus
872 3915 994 3996 madeo,
1010 3910 1150 3995 'nupciali
1168 3910 1305 3977 ihdamo
1315 3929 1371 3994 po·

232 4019 308 4085 titus
329 4017 460 4101 gaudeo.
492 4019 630 4101 Jnsuper
650 4014 765 4087 bonum
785 4021 930 4087 nuncium
949 4022 1057 4102 porto,
1087 4016 1265 4100 cunctisque
1291 4032 1374 4081 novo

221 4202 225 4213 ·
298 4156 332 4226 (1)
353 4159 576 4237 Ltepodltotem
596 4174 641 4229 ⁴:
662 4157 695 4226 (ἓ)
719 4160 786 4221 Gor.
808 4163 832 4237 I,
854 4166 898 4236 15,
920 4163 971 4221 33.
983 4192 1027 4205 -
1048 4155 1083 4225 (3)
1105 4159 1372 4235 ABGJMpoasunt

232 4281 276 4292 —
298 4243 332 4312 (4)
356 4256 385 4308 et
407 4254 456 4311 om
476 4246 662 4321 BGHJL-
683 4242 717 4313 (5)
740 4249 823 4308 Psoi,
844 4253 893 4322 65,
914 4252 959 4309 16.
976 4280 1023 4301 -·.
1041 4243 1076 4312 (ὃ)
1098 4246 1207 4307 Dura
1217 4249 1275 4323 qui.
1298 4246 1372 4307 Luo.

233 4337 258 4406 1,
279 4337 329 4394 49.
350 4367 396 4379 -·
416 4330 522 4399 (⁷)'GJ
532 4337 668 4412 insignita
688 4366 732 4378 -
754 4330 789 4399 (8)
810 4337 893 4395 Paul.
913 4337 982 4411 105,
1002 4338 1026 4394 1.
1052 4366 1097 4378 -·
1125 4330 1160 4399 (9)
1184 4333 1250 4395 Gor.
1277 4333 1321 4407 ΙΙ,
1343 4335 1373 4407 5,

234 4423 332 4479 13-14.
354 4446 409 4473 .-.-.
418 4416 472 4485 (1⁰)
494 4420 562 4487 cor.
583 4422 626 4496 11,
649 4424 678 4497 o,
699 4425 739 4482 n.
759 4453 804 4464 -
825 4416 876 4488 (11)
900 4420 970 4481 Τοῦ.
991 4424 1035 4493 12,
1057 4424 1084 4480 7.
