3232 5130
709 817 913 880 SYLLABUS

307 962 310 967 -
367 924 370 931 “
415 921 626 983 LIBRORUM
647 922 705 982 AD
728 922 832 1000 Quos
854 921 1115 983 RECOGNITUM
1137 923 1211 983 EST

538 1027 809 1087 HOROLOGIUM
830 1026 1079 1088 SAPIENTIAE.

237 1213 266 1274 Δ
288 1250 333 1259 -
354 1215 453 1276 Codex
475 1216 682 1290 Berolinensis‚
705 1217 940 1276 membranaceus
962 1215 1029 1294 (Ms.
1050 1217 1100 1277 lat.
1122 1190 1189 1278 Oct.
1205 1214 1267 1296 33).
1291 1218 1379 1278 Cuius

281 1302 380 1362 titulus
403 1311 460 1362 est:
486 1302 615 1382 „Jncipit
636 1302 794 1378 orologium
817 1302 992 1378 sapiencic“.

177 1471 188 1485 ³
236 1442 329 1501 B-
351 1441 450 1502 Codex
483 1443 674 1502 bibliothecae
697 1441 848 1518 Gymnasii
870 1441 1074 1516 Confluentini,
1107 1442 1288 1502 chartaceus:
1311 1443 1379 1502 olim

279 1528 352 1588 liber
381 1529 498 1588 fratrum
528 1524 691 1587 monasterii
724 1529 826 1587 beatae
860 1528 968 1587 Mariae
989 1529 1113 1604 Virginis
1142 1531 1170 1586 in
1202 1529 1295 1589 insula
1323 1530 1377 1588 sub
1453 1536 1456 1543 '

281 1614 461 1674 Confluentia
494 1615 601 1674 ordinis
634 1614 842 1673 Canonieorum
865 1614 1060 1690 Regulariunr.
1105 1615 1217 1673 Titulus
1245 1616 1291 1674 hic
1320 1621 1378 1674 cst:

281 1701 441 1780 „Prologus
463 1703 491 1759 in
513 1701 616 1760 librum
639 1703 687 1776 qui
708 1701 866 1759 intitulatur
883 1701 1066 1777 horologium
1088 1707 1184 1760 eterne
1202 1699 1377 1776 sapiencie“.

236 1839 260 1899 C
281 1873 325 1882 -
348 1838 446 1898 Codex
470 1839 663 1899 bibliothecae
688 1838 894 1898 Wallrafianae
919 1839 1109 1913 Coloniensis‚
1138 1840 1320 1898 chartaceus:
1348 1842 1378 1897 in

280 1928 361 1986 cuius
393 1926 457 1984 libri
485 1925 542 1985 fine
571 1927 714 1984 habentur
741 1925 828 1985 haec:
865 1926 1007 2002 „Explicit
1034 1925 1213 2003 horologium
1236 1929 1378 2002 sapiencie

279 2014 471 2087 conscriptum
494 2012 579 2071 Anno
603 2012 709 2072 domini
730 2010 1026 2074 MCCCCLXVHI“.

234 2150 263 2208 D
285 2183 330 2194 -
352 2149 451 2209 Codex
472 2151 664 2211 bibliothecae
685 2152 793 2226 Regiae
817 2152 948 2212 Provinc.
969 2150 1240 2225 Dusseldorpiensis‚
1262 2150 1378 2209 charta-

279 2254 363 2297 ceus:
386 2239 434 2312 qui
450 2236 522 2296 liber
535 2240 564 2296 in
584 2237 640 2296 line
655 2238 727 2297 hace
740 2237 844 2297 habet:
869 2237 1013 2314 „Explicit
1032 2237 1104 2295 liber
1124 2236 1264 2312 horologii
1282 2245 1377 2295 eterne

279 2325 422 2398 sapiencie
445 2324 614 2399 compilatus
636 2342 654 2382 a
676 2323 831 2382 venerabili
853 2331 882 2382 θῖ
900 2323 1004 2382 devoto
1018 2323 1102 2381 lratre
1116 2322 1249 2381 videlicet
1260 2322 1376 2382 henrico

277 2427 345 2469 susc
368 2410 474 2469 ordinis
503 2410 711 2486 predicatorum
738 2417 897 2469 conventus
927 2411 1158 2469 constanciensis.
1194 2408 1232 2466 Et
1255 2411 1377 2483 scriptus

276 2514 328 2572 per
349 2514 451 2555 manus
472 2497 598 2556 florencii
620 2497 669 2554 filii
689 2496 822 2573 gherardi
843 2513 948 2571 spronc
961 2495 1046 2554 Anno
1062 2496 1168 2554 domini
1183 2493 1377 2554 MCCCCX“.

233 2634 324 2693 E-
347 2635 445 2694 Codex
473 2634 679 2709 Berolinensis‚
711 2635 880 2694 chartaceus
912 2632 978 2712 (Με.
1000 2633 1087 2694 theol.
1117 2633 1166 2692 lat.
1189 2633 1288 2708 Quart.
1310 2630 1378 2712 69),

276 2721 332 2781 hoc
357 2723 451 2780 initio:
483 2721 611 2800 „Jncipit
630 2721 765 2798 prologus
786 2721 850 2780 libri
872 2724 921 2796 qui
943 2720 1123 2796 horologium
1145 2722 1287 2795 sapiencie
1309 2723 1377 2777 iuti·

275 2806 415 2869 tulatur“.
455 2808 490 2866 In
512 2808 568 2868 fine
591 2815 687 2867 autem
709 2808 798 2866 babet
818 2809 906 2867 baec:
932 2807 1074 2887 „Explicit
1094 2809 1237 2882 sapiencie
1259 2806 1376 2877 horolof

275 2897 355 2972 glum
376 2895 469 2953 fratris
480 2894 606 2953 Amandi
627 2894 733 2953 ordinis
754 2895 972 2970 predicatorum.
1004 2893 1065 2954 Sub
1080 2893 1166 2952 Anno
1186 2891 1293 2952 domini
1307 2893 1376 2951 Mil-

276 2981 376 3041 lesimo
403 2979 639 3040 CCCCXXW.

232 3119 257 3178 F
278 3152 323 3162 —
345 3119 443 3179 Codex
465 3119 664 3194 BerolinensiS,
685 3120 920 3179 membranaceus
942 3117 1010 3196 (Ms.
1033 3117 1119 3178 theol.
1140 3117 1191 3179 lat.
1208 3118 1272 3179 Eol.
1285 3114 1374 3198 333):

277 3208 326 3280 qui
347 3206 418 3265 liber
438 3206 490 3264 luit
511 3206 579 3266 olim
600 3207 716 3264 fratrum
729 3209 892 3265 monasterii
905 3213 1070 3264 sanctorum
1081 3214 1237 3280 martyrum
1252 3205 1375 3264 Cosmac
1450 3234 1454 3245 ·

277 3298 307 3350 et
328 3291 463 3350 Damiani
483 3292 654 3367 inLisbom,
676 3293 782 3352 ordinis
802 3295 894 3352 sancti
915 3292 1072 3366 Benedicti,
1095 3292 1231 3351 dioecesis
1252 3290 1374 3351 Monas-

275 3379 415 3453 teriensis,
437 3388 538 3453 postea
559 3379 597 3439 ad
620 3379 821 3438 bibliothecam
835 3379 985 3437 Paulinam
1007 3378 1262 3437 Monasteriensem
1284 3380 1374 3452 perti-

276 3466 347 3524 nuit.
380 3464 560 3524 Inscribitur:
585 3465 713 3542 „Jncipit
733 3464 869 3540 prologus
890 3468 917 3522 in
941 3464 1119 3536 horologium
1142 3472 1237 3522 eterne
1259 3466 1374 3538 sapien·

277 3549 351 3610 eie“.
381 3550 460 3610 Finis
481 3554 568 3611 totius
590 3552 652 3611 libri
675 3560 731 3611 est:
758 3550 862 3629 „Anno
886 3550 990 3609 domini
1013 3549 1258 3608 MCCCCLXIX.
1279 3549 1373 3606 Xllll

275 3635 333 3694 lxal.
354 3635 485 3696 Januarii
506 3637 602 3697 linitus
625 3647 653 3698 θῖ
675 3638 832 3712 completus
855 3644 899 3695 est
918 3637 991 3695 liber
1020 3639 1074 3695 iste
1105 3653 1156 3710 per
1182 3652 1229 3693 me
1258 3636 1373 3693 fratrem

275 3721 432 3782 Heuricum
454 3723 550 3783 Breda
572 3725 699 3784 Priorem
720 3723 848 3782 inutilem
876 3724 913 3781 ad
942 3723 1092 3782 utilitatem
1116 3723 1234 3780 fratrum
1255 3721 1373 3781 Lisber·

276 3806 437 3868 nensium“.

233 3945 327 4006 C-
349 3945 447 4006 Codex
468 3946 719 4022 Darmstadensis‚
743 3948 920 4024 chartaceus,
947 3947 1039 4006 forma
1060 3963 1147 4021 quam
1168 3962 1221 4004 nos
1241 3947 1270 4004 in
1290 3944 1372 4005 Folio

274 4036 382 4093 minore
403 4033 592 4109 appellamus.

231 4171 262 4230 H
282 4204 327 4214 —
350 4164 449 4233 Cddex
474 4172 714 4246 Darmstadensis,
735 4174 980 4247 membranaceus,
1000 4172 1092 4232 forma
1113 4172 1295 4247 quartanaria
1316 4172 1373 4229 mi-

275 4275 353 4319 nore.
391 4259 503 4318 Titulus
526 4259 657 4318 codicum
681 4258 738 4318 GH
760 4260 807 4319 bic
829 4268 886 4319 est:
912 4259 1040 4339 „Jncipit
1060 4259 1196 4335 prologus
1218 4261 1246 4316 in
1268 4256 1372 4316 librum

277 4347 327 4419 qui
348 4346 508 4406 intitulatur
524 4345 703 4422 horologium
718 4345 892 4422 sapiencie“.
925 4347 1005 4405 Finis
1025 4353 1137 4405 antem:
1161 4345 1303 4424 „Explicit
1322 4363 1372 4405 sa-

273 4431 386 4507 piencie
406 4432 586 4511 horologium
607 4433 699 4492 fratris
714 4431 762 4493 .Α.
778 4433 883 4492 ordinis
904 4432 1114 4508 predicatorum
1136 4431 1239 4492 domus
1251 4429 1315 4494 .C.“
1399 4486 1402 4490 .
