3000 5196
184 616 384 701 columba(l)
396 621 466 697 tua,
488 588 626 701 perdocta
646 620 680 684 et
698 590 886 683 inmaculata
906 621 977 696 tua,
1008 619 1324 706 que'ceterorum(2)

184 721 321 787 omnium
342 720 401 785 sibi
421 720 564 785 vendicat
583 721 801 802 principatum.
837 720 979 802 Denique
999 720 1033 784 in
1053 720 1194 787 omnibus
1214 721 1325 792 finibus

182 823 307 890 Jsrahel
329 812 501 905 queruntur
515 824 743 891 adolescentule
756 825 900 906 virgines,
923 827 956 888 et
969 824 1008 889 ab
1019 823 1121 889 Ysaac
1132 823 1180 907 (3)
1192 826 1258 891 sola
1271 829 1326 893 eli-

184 927 277 1008 gitur,
301 930 333 991 et
354 927 395 991 ad
413 946 522 1008 regem
543 913 757 994 introducitur.
775 974 777 979 ,
792 928 843 994 Sic
864 927 905 991 ad
926 920 1086 992 Asperum
1098 926 1146 1011 (4)
1158 928 1255 993 multe
1278 930 1325 995 in·

184 1028 335 1109 troducte,
357 1048 421 1095 una
442 1030 586 1096 omnibus
604 1022 768 1114 prefertur,
793 1036 825 1095 et
847 1031 887 1095 ad
901 1031 1012 1112 inperii
1028 1031 1219 1096 consorcium
1232 1033 1327 1098 subli-

183 1138 296 1197 matur.
331 1134 357 1198 0
378 1152 441 1198 una
464 1153 524 1215 que
545 1152 609 1198 una
630 1152 673 1214 cs,
698 1138 730 1199 et
751 1134 919 1200 secundam
941 1152 1004 1199 non
1022 1134 1135 1214 habes3
1157 1135 1212 1200 sed
1234 1140 1266 1200 et
1276 1137 1325 1220 (5)

184 1254 278 1318 quam
288 1234 418 1301 feliciter
432 1242 539 1302 creata
549 1236 608 1320 (6),
632 1253 725 1318 quam
739 1238 850 1302 eximie
863 1237 972 1303 dotata
985 1255 1028 1318 es,
1050 1242 1087 1302 ut
1101 1237 1226 1302 unicum
1238 1239 1325 1305 illum

183 1339 365 1405 thesaurum
386 1340 427 1404 ad
448 1340 548 1406 cordis
570 1346 677 1406 votum
697 1341 866 1423 possideas.
900 1341 976 1420 Quis
996 1341 1089 1405 michi
1111 1340 1165 1406 det
1193 1345 1328 1410 saturari

183 1444 295 1510 saltem
325 1444 363 1509 de
391 1444 479 1509 micis
508 1460 568 1526 que
596 1445 712 1508 cadunt
741 1444 780 1509 de
813 1462 922 1510 mensa
957 1444 1157 1526 reliquiarum
1191 1448 1326 1525 tuarum.

183 1547 420 1614 SAPIENOIA:
432 1547 543 1612 ·Valde
564 1547 596 1611 in
610 1565 736 1613 excessu
749 1549 863 1613 mentis
877 1566 915 1613 ex
929 1566 1035 1614 amore
1048 1547 1167 1630 positus
1182 1566 1225 1629 es,
1244 1550 1326 1630 quod

184 1657 218 1718 et
237 1652 332 1717 verba
353 1650 522 1717 affectuosa
544 1655 577 1716 et
597 1650 691 1717 iacies
712 1652 880 1717 lacrimosa
895 1652 1039 1718 ostendit.
1073 1651 1135 1718 Sed
1148 1653 1328 1738 nunc(7)si

182 1756 239 1822 tibi
260 1756 458 1822 ostenderem
477 1751 562 1847 quod
583 1758 615 1819 te
636 1755 784 1846 singulari
805 1773 911 1821 amore
932 1756 1106 1836 diligerem,
1127 1756 1217 1822 iuxta
1236 1775 1328 1824 omne

183 1860 368 1938 desiderium
390 1858 497 1950 cordis·-
508 1858 564 1939 tui,
583 1858 658 1939 quid
671 1857 774 1923 facere
785 1858 904 1924 velles?
923 1853 1187 1926 DISCIPULUS:
1210 1859 1255 1924 Te
1268 1861 1326 1926 mi·

182 1964 238 2028 lies
260 1963 404 2045 amplecti
417 1962 537 2041 vellem,
553 1967 586 2027 et
600 1962 702 2026 decies
716 1961 815 2028 milies
828 1959 940 2028 affectu
958 1962 1185 2044 gratulabundo
1197 1962 1245 2047 (8)
1256 1983 1328 2047 per·

183 2068 316 2133 oscrdari
337 2084 499 2148 cuperem,
530 2070 563 2129 ct
585 2065 735 2147 quidquid
755 2083 904 2146 umquam
925 2065 1047 2131 adversi
1067 2085 1155 2132 amor
1175 2049 1328 2133 sustinere

182 2171 366 2252 preciperet,
387 2169 486 2234 libens
509 2167 762 2233 cumctalerrem.
795 2169 845 2233 En
866 2169 969 2233 amma
990 2186 1061 2234 mea
1081 2168 1204 2234 domine
1221 2188 1274 2252 my
1286 2170 1328 2235 ad

183 2273 279 2338 verba
299 2277 358 2337 tua
376 2274 444 2336 tota
464 2287 614 2350 suspensa
636 2271 773 2350 erigitur,
796 2275 829 2334 et
848 2271 976 2336 verbum
999 2271 1237 2336 consolatorium
1257 2289 1329 2353 pre·
1407 2311 1411 2317 -

185 2375 326 2442 stolatus.
360 2374 387 2439 Ο
410 2373 600 2438 desiderium
623 2372 725 2436 anime
746 2390 815 2436 mee
828 2373 955 2454 loquere
976 2372 1017 2437 sd
1039 2390 1092 2437 cor
1112 2373 1270 2439 servitui.
1300 2375 1328 2440 0

184 2478 236 2560 pie
258 2477 433 2542 consolator
455 2493 510 2540 cur
531 2493 581 2539 me
602 2474 775 2557 provocas?
796 2473 859 2538 Cur
880 2463 1014 2539 animam
1028 2476 1328 2558 amorelangwidsm

172 2579 364 2646 differendo
376 2577 509 2660 affligis?
528 2572 578 2642 En
600 2597 688 2643 amor
709 2575 865 2660 inpaciens
881 2581 939 2658 est,
961 2596 1019 2644 nec
1033 2578 1151 2645 diucius
1166 2583 1329 2662 expectare

181 2689 296 2766 potest.
328 2682 410 2747 Nam
425 2680 578 2748 desideria
590 2682 687 2747 dilata
699 2676 840 2763 effligrmt
853 2683 988 2747 animam
1000 2681 1059 2767 (9).
1092 2682 1327 2749 SAPIENOIA:

181 2787 280 2853 Am0r
302 2791 374 2853 tuus
391 2787 469 2852 licet
489 2786 629 2850 intensus
642 2771 713 2868 (1'0)
725 2785 776 2866 sit,
799 2785 956 2851 cecuciens
974 2789 1079 2850 tamen
1096 2785 1271 2868 aliqualiter
1283 2787 1328 2853 vi-

182 2891 274 2956 detur
296 2909 380 2970 esse,
405 2890 459 2971 qui
480 2888 520 2954 de
542 2889 652 2964 divims
675 2893 708 2953 et
728 2873 985 2970 supercelestibus
1006 2906 1064 2970 per
1083 2888 1210 2954 modum
1230 2893 1328 2956 terre·

181 3013 293 3060 norum
312 2993 512 3061 senciendum
533 2991 677 3071 estimem
700 2996 734 3057 et
753 2992 823 3058 ideo
845 2992 935 3074 quasi
955 3009 1013 3074 per
1027 2992 1188 3074 caliginem
1199 2992 1326 3059 indicas.

181 3098 233 3166 Sic
254 3103 359 3164 autem
379 3115 444 3163 non
465 3101 523 3162 est.
552 3096 706 3161 Nimirum
721 3094 771 3160 dei
785 3095 941 3178 sapiencia
954 3114 1043 3161 amor
1055 3099 1113 3162 cst.
1141 3092 1234 3162 Unde
1246 3097 1327 3163 sicut

183 3202 322 3266 assencia
342 3199 526 3283 sua(11)in
547 3200 665 3264 cunctis
687 3200 821 3265 existens
837 3217 906 3265 non
927 3200 1071 3280 partitur,
1093 3199 1143 3263 vel
1166 3201 1267 3265 minor
1288 3215 1326 3266 ex

184 3302 297 3366 hocin
318 3302 446 3384 singulis
467 3302 624 3368 redditur:
647 3303 691 3368 sic
712 3320 770 3368 nec
791 3321 879 3369 amor
895 3321 983 3381 suus,
1005 3301 1078 3367 licet
1094 3305 1205 3367 cuncta
1217 3302 1326 3385 diligat

183 3423 244 3488 que
264 3403 346 3485 fecit,
368 3405 549 3471 minoratuu.
582 3406 634 3472 Sic
647 3407 729 3470 enim
741 3405 869 3486 singulis
880 3406 1025 3484 intendit,
1047 3409 1084 3468 ut
1104 3423 1124 3469 a
1141 3407 1324 3493 cunctum·

183 3525 254 3574 care
276 3506 426 3587 videattu,
449 3512 482 3573 et
503 3509 548 3574 sic
569 3510 686 3575 cunctis
708 3509 854 3591 presidet,
876 3513 913 3599 ut
934 3508 1096 3589 asingulis
1113 3512 1325 3590 vamreputc-

182 3617 244 3677 tur.
276 3610 343 3676 Nec
364 3614 412 3677 est
432 3611 477 3677 sic
497 3613 747 3695 ymaginandum,
771 3611 859 3691 quasi
880 3615 916 3675 tu
936 3611 1053 3674 iuvenis
1067 3628 1204 3675 amorem
1221 3628 1325 3676 meum

181 3715 376 3798 preveneris,
403 3718 437 3780 et
456 3720 623 3798 propterea
644 3734 664 3780 a
691 3733 742 3779 me
764 3708 849 3794 diligi
869 3730 908 3776 ex
928 3713 996 3775 iure
1016 3713 1102 3777 velis.
1135 3713 1196 3778 Sed
1216 3731 1325 3779 revera

183 3835 349 3886 econverso
372 3822 429 3884 est.
462 3804 597 3884 Etenim
612 3819 684 3900 quia
704 3821 737 3881 te
758 3815 798 3904 ab
813 3819 920 3880 eterno
933 3811 1047 3894 duan,
1057 3819 1090 3881 et
1103 3819 1136 3880 te
1147 3832 1186 3894 cx
1200 3815 1324 3883 nomine

182 3921 270 4002 novi,
299 3925 333 3986 et
353 3919 466 3985 affectu
486 3921 634 4003 singulari
655 3919 806 4002 praelegi:
829 3918 899 3984 ideo
921 3917 1039 4000 diligis,
1064 3918 1138 3984 licet
1157 3937 1196 3984 ex
1217 3937 1323 3987 conse·

248 4091 282 4160 (l)
303 4096 493 4158 Ecollumba.
518 4095 603 4155 Cant.
626 4099 661 4168 6,
682 4099 717 4157 ,7.
746 4097 775 4154 8.
801 4128 846 4141 -
870 4090 910 4163 ,(ἳ)
938 4095 1155 4156 OPceterarum
1176 4129 1221 4140 -
1241 4092 1276 4161 (3)
1298 4098 1323 4158 F

181 4183 279 4243 Ysach
292 4215 337 4249 -,
358 4179 392 4247 (4)
414 4187 458 4242 ito
480 4181 552 4240 GH:
574 4181 777 4240 FAsswerum
802 4186 888 4240 ceteri
909 4181 1125 4241 Assuerum-
1140 4177 1174 4246 (5)
1196 4186 1241 4243 ita
1261 4183 1323 4244 sJ:

182 4273 269 4328 ceteri
289 4271 398 4330 codices
419 4269 510 4328 habes
531 4267 629 4327 sedem
672 4267 729 4326 MP
740 4267 830 4327 habes
843 4301 888 4310 -
909 4263 943 4332 (6)
965 4268 1016 4326 ΒΡ
1028 4268 1091 4327 add
1111 4285 1142 4328 es
1156 4299 1201 4312 -
1222 4265 1256 4334 (7)
1269 4269 1323 4331 CH

183 4356 245 4413 add
266 4363 359 4415 et-
380 4351 414 4419 (8)
437 4355 486 4430 GE
496 4353 666 4432 gratulando
687 4385 732 4397 —
753 4349 787 4418 (9)
810 4356 904 4414 Proca
923 4355 976 4428 13,
1004 4357 1048 4414 12.
1073 4387 1118 4397 —
1138 4346 1190 4418 (1⁰)
1213 4355 1322 4417 acin-

183 4456 302 4518 census3
324 4459 395 4502 mos
416 4442 597 4502 Esecuciens
610 4473 654 4482 —
676 4435 728 4504 (ll)
749 4457 803 4498 sua
825 4456 874 4498 om
895 4438 971 4502 AO.

1042 4579 1065 4648 5
