3232 5130
1307 360 1369 423 137

300 510 524 578 Conmendaeio
546 511 708 594 singularis
729 512 819 578 beate
839 511 975 596 virginis,
998 515 1030 577 et
1051 511 1090 576 de
1112 510 1219 576 dolore
1240 512 1316 578 eius·
1451 559 1453 562 ι

403 616 599 683 inestimabili
620 635 712 700 quem
733 616 840 683 habuit
860 617 893 680 in
914 615 1058 698 passione
1078 612 1202 699 filiill).

468 852 471 856 ⁸
547 772 736 856 Oapittulum
756 777 877 840 sextum
897 772 1058 839 decimum.

299 910 408 977 Stabat
429 910 516 975 iuxta
538 930 658 977 mucem
679 892 887 978 Jhesumater
901 912 975 977 eius.
1009 911 1161 994 Tempore
1174 910 1372 977 vernalicum

235 1014 277 1079 ad
298 1015 361 1079 alta
383 1015 439 1080 oeli
461 1015 508 1080 sol
529 1012 636 1098 incipit
657 1017 838 1096 ascendere,
869 1020 902 1080 et
922 1015 1013 1080 terris
1034 1013 1194 1080 infundere
1214 1015 1372 1080 radiorum

235 1118 801 1194 suorumfeoundamluminositatem:
824 1121 905 1186 Ecce
915 1119 1100 1203 vegetabilis
1113 1123 1224 1185 cuncta
1240 1119 1374 1202 hyemali

234 1224 331 1306 glacie
354 1224 519 1305 constricta
540 1224 690 1306 incipiunt
710 1225 896 1290 revirescere
908 1222 967 1308 (2).
999 1223 1180 1289 Animancia
1197 1241 1320 1306 quoque
1341 1227 1374 1289 et

234 1326 371 1392 volatilia
390 1329 423 1392 in
452 1328 549 1415 antris
579 1332 611 1393 et
638 1329 789 1410 specubus
819 1346 855 1393 ac
875 1327 1022 1393 diversis-
1040 1327 1223 1410 quibusque·
1238 1327 1374 1395 latibulis

235 1432 422 1513 abscondita,
444 1432 486 1497 ad
507 1436 593 1497 tante
613 1432 691 1498 lucis
712 1433 880 1497 novitatem
901 1432 1053 1514 respirare
1075 1431 1225 1514 incipiunt
1242 1450 1279 1496 ae
1291 1433 1372 1498 vires
1400 1481 1402 1484 ψ
1490 1486 1496 1502 .

234 1554 407 1617 resumere,
438 1541 470 1600 et
498 1537 597 1602 cordis
625 1537 760 1601 leticiam
788 1536 950 1602 ostendere
979 1535 1118 1601 cantibus
1148 1536 1197 1600 vel
1216 1536 1373 1618 plausibus

235 1641 417 1706 letabundis.
451 1641 619 1705 Hominum
641 1658 763 1722 quoque
783 1658 889 1722 genus,
913 1657 1001 1705 senes
1024 1653 1101 1705 cum‘
1114 1640 1282 1706 iunioribus
1307 1640 1374 1704 eius
1399 1679 1402 1692 ·

233 1745 266 1808 in
288 1744 422 1809 adventu
444 1744 671 1828 exhylarantur,
695 1749 726 1808 et
747 1747 823 1810 tota·
836 1742 1012 1826 superficies
1033 1748 1117 1810 terre
1142 1744 1253 1810 decore
1272 1743 1374 1809 indui-

234 1853 294 1929 tur,
318 1852 350 1913 et
370 1848 531 1931 applaudit
542 1846 590 1932 (3)
603 1866 641 1912 ac
662 1849 902 1930 congratulabar.
935 1848 1003 1931 Eya
1021 1849 1267 1915 cordauniversa
1281 1848 1374 1913 denam

233 1971 313 2036 pura
334 1958 438 2017 mente
450 1952 497 2036 (4)
510 1953 659 2032 amancio,
680 1952 862 2035 perpendite
882 1971 965 2018 nuno
979 1954 1123 2034 quoniam
1137 1954 1277 2019 similiter
1286 1953 1374 2019 nobis

236 2057 348 2121 accidit
360 2055 418 2140 (5),
441 2074 511 2120 cum
532 2056 597 2120 sole
618 2056 730 2121 amicta
750 2057 837 2138 virgo
858 2055 998 2136 fecunda,
1021 2057 1078 2122 celi
1099 2056 1207 2137 regina
1219 2056 1376 2139 preelecta

234 2165 270 2225 ut
291 2161 338 2226 sol
359 2158 435 2225 fines
458 2159 559 2225 cordis
580 2159 679 2224 nostri
700 2159 888 2240 ingreditur,
911 2164 943 2224 et
964 2161 1113 2226 memoria
1134 2161 1200 2226 eius
1220 2159 1375 2224 mentibus

235 2265 349 2338 nostris
370 2263 550 2329 rutilancius
579 2261 765 2342 infunditur,
795 2263 912 2343 absque
939 2263 1030 2328 nube.
1063 2262 1215 2333 Continuo
1242 2279 1376 2345 namque

237 2367 355 2432 duricia
366 2367 465 2432 omnis
475 2367 517 2430 ad
526 2370 613 2431 tante
623 2365 699 2431 lucis
709 2365 937 2431 inmensitatem
951 2366 1125 2432 resolvitur.
1154 2367 1250 2432 Arida
1265 2371 1375 2433 cunda

236 2489 308 2538 rore
332 2470 451 2537 celestis
480 2471 582 2552 gracie
609 2470 786 2551 inigantau.
826 2463 987 2552 Fugantur
1013 2470 1156 2550 tenebre3
1185 2471 1290 2536 lumen
1317 2490 1374 2537 no-

235 2576 368 2660 vum(6)
380 2576 531 2654 exoritur,
563 2577 594 2639 et
614 2574 798 2655 gaudiorum
818 2574 906 2640 nobis
928 2575 1059 2639 materia
1079 2574 1219 2640 inmensa
1239 2574 1375 2641 cuminia-

235 2684 298 2744 tur,
331 2679 400 2744 Tibi
421 2697 494 2760 ergo
518 2679 544 2744 Ο
566 2696 637 2760 spes
656 2682 780 2757 nostra,
802 2678 949 2759 gaudium
971 2682 1003 2743 et
1022 2673 1126 2743 leticia
1139 2678 1245 2744 cordis
1265 2679 1373 2760 nostri,

235 2788 412 2866 peccatores
432 2784 537 2853 miseri
558 2783 591 2848 in
612 2801 718 2848 vocem
740 2782 935 2848 salutacionis
957 2784 1194 2865 prorumpimus,
1217 2783 1323 2865 Teque
1335 2801 1374 2848 ex

235 2889 342 2953 intimo
365 2888 465 2954 cordis
488 2907 557 2953 cum
579 2887 696 2969 gemitu
718 2891 750 2952 et
769 2887 902 2952 lacrimis
925 2886 961 2952 et
987 2887 1099 2953 devota
1118 2888 1218 2953 cordis
1239 2885 1375 2970 genufle-

236 2992 325 3057 xione
348 2990 598 3057 affectuosissime
620 2995 751 3056 matrem
772 2991 874 3073 gracie
902 2991 1081 3057 salutamus.
1115 2991 1259 3058 Gaudent
1285 2991 1375 3074 pu'eri

237 3095 279 3161 ad
299 3096 434 3161 sonitum
456 3096 571 3177 organi,
595 3099 627 3159 et
649 3095 788 3160 adlatos
810 3114 950 3162 rumores
969 3096 1062 3162 corda
1076 3096 1294 3179 exhylarantur
1306 3095 1374 3160 uni-

236 3217 335 3265 versa.
369 3199 420 3264 Sic
440 3199 481 3264 ad
502 3203 588 3263 tuam
610 3217 732 3281 quoque
753 3200 965 3264 suavissimam
985 3201 1166 3266 memoriam
1187 3204 1271 3265 totus
1284 3195 1372 3264 estuo

239 3302 332 3367 divini
354 3303 465 3368 amoris
487 3302 637 3382 incendio,
660 3303 705 3393 Te
726 3302 853 3367 laudare
875 3304 1016 3385 cupiens,
1047 3323 1140 3386 quam
1163 3303 1271 3368 laudat
1291 3302 1374 3368 orbis

237 3409 320 3470 terre
342 3410 374 3471 et
394 3405 552 3488 plenitudo
586 3407 667 3487 eius,
696 3407 753 3472 celi
782 3406 916 3472 celorum
943 3410 976 3471 et
1004 3408 1102 3472 omnis
1130 3408 1227 3472 virtus
1256 3423 1373 3470 eorum.

240 3509 347 3575 Omnis
378 3511 492 3592 quippe
524 3515 664 3576 creature
691 3511 812 3576 bonitas
846 3510 887 3576 ad
918 3514 1005 3575 tuam
1040 3515 1207 3593 conparata
1243 3509 1375 3590 dignita·-

239 3617 303 3679 tem
324 3614 369 3678 sic
392 3619 464 3694 cst,
494 3616 581 3697 quasi
609 3616 759 3682 noctiluca
771 3615 819 3698 (7)
831 3614 976 3697 splendor
1004 3609 1131 3695 exiguus
1157 3614 1197 3679 ad
1215 3613 1288 3680 solis
1314 3612 1374 3677 cla·
1480 3609 1484 3615 ’

151 3734 154 3739 “
238 3719 364 3783 ritatem
385 3719 564 3785 inmensam.
598 3720 643 3785 Te
664 3737 798 3802 namque
819 3719 922 3784 divina
941 3718 1097 3800 sapiencia
1113 3722 1178 3783 tam
1192 3709 1394 3821 excellenter*

239 3840 297 3888 sua
317 3823 421 3903 gracia
442 3822 598 3889 decoravit
619 3827 652 3888 et
671 3824 810 3889 bonitate
831 3828 895 3888 tam
917 3823 1126 3906 multipliciter
1145 3821 1317 3901 investivit,
1339 3823 1375 3886 ut

240 3944 297 3992 sua
325 3925 628 4007 inconprehensibilis
655 3927 688 3991 in
720 3931 752 3992 te
779 3928 918 3994 relucens
946 3927 1116 4011 sapiencia,
1147 3924 1376 3992 desiderabilior

306 4079 340 4149 (l)
362 4083 496 4144 AEJlilii
517 4087 561 4144 sni
605 4085 692 4145 Glilii
714 4090 757 4146 sui
779 4087 884 4146 domini
905 4089 994 4147 nostri
1010 4120 1055 4130 —
1076 4082 1109 4150 (ἓ)
1131 4084 1374 4145 ABCMravivis-
1444 4065 1447 4071 ¹

241 4188 305 4232 cere
325 4205 370 4215 -
392 4167 425 4237 (3)
448 4170 715 4249 BGJLapplaudet
756 4172 945 4250 Haplaudet;
966 4191 1038 4234 moa
1059 4172 1137 4232 CDP
1147 4171 1304 4250 gratulatur
1330 4205 1374 4216 -—
1510 4187 1513 4195 ·

241 4252 275 4322 (4)
298 4258 458 4334 CDPpura
479 4266 574 4320 menta
597 4258 682 4318 deum
703 4293 747 4303 —
768 4256 802 4325 (5)
824 4260 943 4321 Lvobis
964 4260 1068 4320 accidit
1092 4257 1255 4320 'Aaccidit
1274 4259 1373 4336 vobis3

241 4349 272 4404 io
293 4345 477 4422 aequantibus
498 4344 630 4419 Aoordis
650 4349 922 4408 vestri-mentibus
942 4345 1171 4408 vestris—vobis
1191 4348 1310 4408 materia
1329 4346 1374 4392 -'

242 4427 276 4495 (⁶)
299 4430 465 4494 CPnovnm
485 4432 581 4494 lumen
601 4467 646 4479 -
666 4430 701 4499 (l)
722 4434 889 4495 ea'ca'v'vdelae⁴
1018 4452 1021 4459 ·
