3000 5196
1255 352 1318 416 223
1432 380 1442 404 s

175 496 361 564 detulerunt.
391 493 460 560 Hoc
482 510 556 575 crgo
577 496 615 559 ut
634 491 807 574 predictum
829 495 877 557 est
897 488 991 556 iaciat
1011 487 1128 556 scilicet
1140 489 1180 554 de
1194 490 1319 556 nomine

175 602 273 668 Jlresu
294 599 347 681 qui
367 598 502 681 graciam
523 596 675 663 habuerit.
708 596 843 661 Animus
869 595 986 678 quippe
1014 593 1167 659 humanus
1187 593 1319 660 facilime

177 724 197 771 a
218 704 313 786 ceptis
333 703 457 783 labitur,
479 702 540 768 nisi
560 700 738 784 frequenter
759 701 791 766 in
815 700 912 782 ceptis
933 702 1108 765 renovetur.

241 808 325 873 Jtem
346 807 500 890 sapiencie
520 809 627 872 eterne
639 804 687 889 (1)
699 804 802 870 devoti
825 804 961 870 cultores
973 822 1018 885 ,ac
1040 803 1180 885 discipuli
1189 808 1320 885 possunt
1449 878 1451 882 v

178 913 231 995 qui
250 913 358 978 volunt
380 911 505 977 cottidie
525 911 618 979 horas
640 909 853 992 subscriptas(
875 908 899 991 ),
922 908 1038 974 scilicet
1051 926 1174 974 cursum
1194 908 1320 973 brevem
1452 910 1460 919 ‘

177 1016 277 1082 cidem
298 1015 452 1098 sapiencie
472 1014 586 1096 legere.
615 1013 669 1077 Hii
690 1017 795 1077 autem
817 1012 869 1095 qui
889 1013 993 1094 legere
1013 1012 1171 1093 nesciunt,
1199 1013 1249 1078 vel
1275 1013 1321 1078 le

176 1121 297 1203 gittime
318 1119 459 1201 occupati
480 1121 562 1198 sunt,
585 1135 642 1183 seu
662 1117 760 1182 eciam
783 1117 836 1199 qui
857 1134 910 1182 eas
933 1120 1111 1182 conmutare
1124 1116 1260 1198 cupiunt,
1275 1117 1322 1181 di-

178 1228 250 1291 cant
267 1223 335 1290 loco
358 1241 464 1288 earum
485 1226 606 1305 septem
626 1224 718 1303 pater
739 1224 846 1287 noster
867 1239 924 1302 pro
947 1224 1066 1317 septem
1089 1220 1248 1286 consuetis
1266 1220 1322 1287 ho·

177 1329 230 1409 ris,
251 1347 309 1410 pro
331 1326 468 1409 qualibet
488 1326 568 1391 hora
588 1344 693 1395 unum.
730 1324 798 1390 Hec
819 1329 924 1390 autem
945 1325 1038 1390 debet
1058 1342 1127 1390 esse
1148 1343 1255 1390 eorum
1274 1325 1322 1390 irr-

177 1433 278 1497 tencio
298 1431 332 1496 in
353 1430 413 1496 hiis
434 1430 534 1510 horis,
565 1433 602 1495 ut
623 1429 726 1495 divina
746 1429 902 1511 sapiencia
923 1428 1077 1494 custodiat
1099 1446 1206 1493 eorum
1228 1428 1323 1494 corda
1436 1516 1439 1520 A

180 1540 211 1600 et
232 1553 371 1618 corpora,
393 1553 433 1599 ne
455 1535 494 1600 ab
515 1533 574 1599 hoc
594 1533 709 1599 mundo
731 1533 911 1598 stultrssrmo
934 1536 966 1596 et
987 1532 1144 1598 modernis
1174 1532 1323 1616 tempori·

178 1641 235 1706 bus
247 1639 295 1723 (3)
307 1638 492 1705 vanitatibus
514 1656 552 1703 ac
574 1637 817 1719 malignitatibus
838 1635 930 1720 pleno
948 1636 1140 1718 irreciantur,
1163 1637 1219 1703 sed
1233 1641 1323 1703 cante

179 1749 212 1808 et
230 1744 387 1825 sapienter
407 1741 592 1808 ambulando
616 1760 636 1806 a
657 1742 774 1807 cunctis
795 1740 885 1806 malis
913 1745 946 1805 et
971 1741 1115 1831 periculis
1142 1759 1324 1824 preserveu-

177 1852 238 1912 tur.
270 1846 408 1925 Jtemin
429 1849 630 1929 menaapost
650 1846 899 1911 benediccionem
920 1848 1087 1928 antequam
1111 1846 1259 1928 incipiant
1272 1847 1321 1932 (4)

179 1951 339 2017 comedere
361 1950 465 2014 dicant
484 1968 581 2014 unum
602 1953 693 2031 pater
713 1954 820 2015 noster
831 1947 880 2032 (5)
891 1967 949 2030 pro
979 1950 1146 2015 elemosina
1171 1951 1323 2032 spirituali

179 2053 238 2119 hiis
259 2053 418 2117 animabus
440 2070 501 2134 que
521 2053 654 2117 maxime
676 2057 750 2117 sunt
760 2053 933 2133 indigentes
948 2052 981 2115 in
994 2054 1190 2133 purgatorio:
1213 2054 1324 2119 Atten-

181 2157 289 2222 dentes
311 2172 405 2237 quam
429 2154 636 2237 periculosum
649 2155 706 2219 sit
733 2155 830 2236 gratis
859 2153 1057 2218 elemosinam
1087 2156 1262 2238 comedere,
1283 2162 1325 2223 et

181 2279 238 2344 per
259 2259 405 2326 continua
426 2255 572 2338 suffragia
592 2254 815 2323 fideliter-eam
835 2274 899 2321 non
921 2256 1077 2323 deservire
1089 2256 1154 2341 (6),
1177 2263 1210 2323 et
1231 2278 1324 2342 quam

183 2363 270 2445 pium
292 2361 386 2428 sitin
407 2360 492 2425 nullo
514 2378 548 2426 se
568 2360 675 2425 iuvare
696 2360 833 2426 valentes
854 2361 971 2440 iuvare,
997 2365 1028 2425 et
1050 2380 1119 2426 cum
1141 2368 1258 2444 quanta
1277 2364 1326 2429 ni·

182 2467 364 2533 chilominus
386 2465 574 2547 gratitudine
595 2465 752 2546 gaudeant
772 2480 807 2530 sc
824 2465 857 2529 in
869 2468 958 2528 tanta
972 2465 1096 2534 miseria
1105 2465 1154 2530 vel
1167 2468 1326 2533 minimam

182 2575 303 2652 guttam
325 2576 380 2635 aut
400 2571 512 2636 micam
533 2587 638 2649 unam,
662 2587 722 2651 que
744 2569 827 2635 cadit
848 2569 888 2634 de
909 2587 1017 2634 mensa
1038 2569 1233 2636 dominorum
1254 2591 1327 2639 suo-

181 2695 267 2757 rum
297 2676 435 2759 recipere
461 2694 519 2757 pro
547 2670 707 2755 refrigerio
730 2673 954 2769 qualicumque.
997 2674 1040 2739 Et
1067 2679 1103 2739 ut
1123 2674 1182 2741 hoc
1204 2694 1326 2759 quoque

182 2780 363 2846 exercicium
384 2779 509 2861 pietatis
530 2778 628 2860 mugla
651 2783 775 2859 gratum
797 2796 835 2844 ac
855 2778 1061 2861 percussibile
1083 2779 1201 2845 devotis
1214 2781 1327 2846 menti*

182 2885 240 2951 bus
263 2883 327 2964 fiat,
350 2884 508 2953 sciendum
530 2883 614 2965 quod
635 2882 709 2947 dum
731 2883 843 2948 devota
864 2882 996 2964 quedam
1013 2883 1183 2965 approbate
1203 2885 1328 2967 religio·

181 2989 385 3070 nispersona
406 2987 498 3053 simul
520 3005 589 3053 cum
612 2986 723 3052 ceteris
744 2987 928 3069 quibusdam
955 2986 1011 3052 has
1033 2989 1190 3054 oraciones
1210 2989 1327 3056 facien*

181 3091 237 3157 das
258 3092 297 3156 de
324 3110 404 3156 novo
434 3091 635 3172 suscepisset,
665 3091 812 3174 precipue
839 3090 1131 3175 tamen(,7)magna
1159 3093 1327 3160 devocione

182 3212 257 3275 erga
277 3195 467 3277 ,premissum
479 3195 527 3278 (8)
538 3194 737 3278 deprolundis
766 3214 824 3277 pro
854 3196 1014 3261 animabus
1045 3197 1191 3263 desolatis
1220 3198 1327 3265 dicen-

182 3299 229 3364 dis
241 3298 289 3382 (9)
300 3297 460 3383 flagraret:
484 3304 694 3395 apparuerunt
716 3301 744 3364 ei
769 3300 802 3364 in
824 3300 958 3382 quadam
979 3300 1096 3367 visione
1115 3303 1216 3368 anime
1229 3303 1328 3368 multe

180 3402 256 3469 lods
277 3403 488 3486 purgabilibus
511 3403 667 3486 deputate,
691 3423 751 3486 que
771 3422 811 3468 ex
831 3405 884 3470 vili
904 3404 1013 3470 habitu
1034 3410 1067 3471 et
1086 3411 1177 3488 gestu
1198 3408 1328 3473 misera-

181 3505 235 3571 bili
257 3524 348 3589 quem
369 3492 576 3589 preferebant,
599 3506 815 3590 suffragiorum
826 3507 896 3591 (10)
907 3526 942 3574 se
962 3507 1108 3576 beneficio
1117 3510 1257 3592 indigere
1271 3513 1327 3578 de-

181 3607 305 3675 flebant.
339 3611 431 3676 Jnter
453 3630 529 3694 quas
552 3617 656 3678 tamen
677 3613 875 3694 singulariter
901 3632 964 3678 una
992 3615 1091 3696 ipsam
1118 3617 1262 3697 umescit,
1293 3621 1326 3682 et

181 3712 322 3783 flebiliter
342 3716 381 3780 ab
403 3716 568 3798 caperit,
594 3720 630 3782 ut
651 3735 686 3782 se
706 3718 902 3799 permitteret
924 3737 992 3785 esse
1020 3718 1104 3787 hunc
1124 3738 1215 3786 suum
1237 3738 1323 3786 men·

247 3903 281 3972 (¹)
304 3908 460 3968 CPetcrne
482 3912 625 3985 sapiencie
646 3943 691 3954 -
712 3906 746 3975 (2)
769 3912 871 3971 Horas
893 3913 960 3972 illua
983 3914 1136 3974 oculatas:
1159 3914 1266 3975 Cursus
1288 3916 1324 3976 da

182 4002 281 4056 eterna
301 3998 454 4070 sapiencia,
470 3998 750 4072 praeeminentius
772 4016 831 4058 caac
846 4003 1086 4076 putavimua.—
1104 3995 1138 4064 (3)
1161 4002 1326 4062 Fmoderni

181 4085 329 4159 temporis3
359 4099 430 4141 moa
451 4081 528 4141 GDP
540 4090 569 4143 et
596 4116 641 4127 -
670 4079 704 4148 (4)
727 4084 780 4143 DF
791 4087 929 4161 incipiunt
956 4119 1000 4129 —
1030 4083 1064 4152 (5)
1094 4088 1221 4147 Eunum
1244 4097 1325 4164 pater

181 4178 278 4229 noster·
309 4175 338 4228 et
366 4168 549 4243 deprolundis
605 4169 837 4246 Bdeprolundis
866 4180 895 4232 et
924 4190 1012 4232 unum
1041 4180 1122 4249 pater
1154 4182 1250 4234 noster
1281 4210 1326 4223 -

183 4250 219 4320 (6)
241 4274 407 4315 marcre—
425 4250 459 4320 (7)
482 4255 788 4333 ABCDGPpreclpue
811 4276 876 4318 cum
903 4259 969 4319 Eat
989 4264 1124 4337 precipue
1137 4279 1202 4321 curn
1224 4297 1267 4307 -
1290 4259 1325 4330 (8)

181 4339 353 4417 Jpsnlmum
374 4375 418 4386 -
439 4337 473 4407 (9)
496 4343 625 4404 GDELP
636 4343 788 4405 dcundum
816 4377 859 4388 —-
891 4340 943 4409 (¹⁰)
973 4346 1003 4405 H
1021 4349 1224 4428 suiegerum
1254 4369 1329 4414 moa

183 4426 238 4487 BD
249 4428 385 4490 beneficio
407 4447 439 4489 se
