3000 5196
210 661 390 729 tollerabilis
411 664 461 728 est
481 664 612 743 paterne
632 658 721 727 meisi
742 665 797 727 tue
817 652 859 725 ad
880 657 1108 725 emendandum
1128 676 1191 725 non
1219 657 1261 724 aci
1283 677 1355 741 per·

212 764 347 831 dandum
368 762 448 830 filios
469 767 541 830 tuos
562 765 711 830 severitas
741 764 911 847 stupenda,
940 768 976 828 ut
1003 761 1123 828 inferno
1140 761 1258 828 similis
1285 781 1355 830 csse

212 867 363 934 videmur.
398 865 474 944 Quis
496 883 570 947 ergo
591 871 680 930 tuam
700 864 810 932 faciem
822 864 870 950 (1)
882 865 1050 931 terribilem
1071 865 1156 931 omni
1175 882 1232 948 spe
1252 866 1354 948 priva-

211 970 334 1053 camo)
342 970 448 1035 videre
457 969 593 1052 poterit?
606 967 736 1035 Suadeo
746 969 876 1052 proinde
887 969 1027 1035 omnihus
1037 968 1211 1035 bominibus
1221 969 1354 1034 mansne

211 1062 433 1158 peccatoribus,
455 1091 496 1139 ne
516 1091 551 1138 se
572 1073 698 1141 silencio
719 1077 774 1138 tuo
795 1090 1017 1154 usquequaque
1029 1073 1222 1138 conmittant.
1256 1071 1353 1138 Taces

212 1163 326 1244 etenim
337 1176 386 1260 (3.)
397 1181 430 1243 et
449 1181 483 1241 te
502 1181 631 1259 peccata
650 1176 756 1242 videre
777 1176 951 1241 dbsimilas.
984 1175 1062 1241 (lum
1090 1194 1165 1241 vero
1187 1176 1354 1259 arripuerit

211 1280 357 1348 iudicium
379 1297 489 1346 manns
511 1284 576 1359 tua
598 1280 702 1346 reddis
713 1278 762 1364 (4)
774 1280 925 1345 ulcionem
936 1279 1076 1346 hostibus
1089 1281 1161 1360 tuis,
1183 1279 1286 1346 athiis
1299 1282 1353 1362 qui

211 1385 344 1452 odenmt
364 1388 397 1449 te
417 1374 562 1451 retribuis
574 1381 633 1465 (5).
667 1383 826 1460 Quomodo
848 1401 943 1465 queso
966 1383 993 1449 Ο
1015 1383 1286 1465 piissimabonitas
1299 1403 1353 1450 ve-

210 1507 281 1554 rum
302 1505 371 1552 asse
391 1487 507 1570 poterit
526 1491 560 1551 te
581 1505 649 1553 esse
670 1487 849 1568 amabilem,
880 1505 949 1553 cum
977 1487 1019 1552 sis
1048 1492 1114 1551 tarn
1126 1486 1173 1569 (6)
1185 1487 1352 1554 temnitis?

211 1589 447 1658 SAPIENCIA:
463 1590 620 1656 Terribilis
635 1591 758 1672 quidem
771 1610 840 1656 sum
852 1591 1073 1674 peccatoribus,
1096 1591 1236 1656 amabilis
1247 1595 1352 1656 autem

89 1735 101 1777 g
211 1695 301 1760 iustis
321 1711 359 1758 ac
379 1712 429 1759 me
450 1693 656 1775 dssigentibm.
688 1693 756 1776 Ego
779 1695 854 1760 dens
876 1694 930 1776 qui
950 1712 1014 1759 non
1034 1699 1139 1760 mutor
1150 1692 1215 1778 (1);
1242 1686 1352 1760 secuun-

211 1799 286 1864 dum
306 1803 412 1862 tamen
433 1797 614 1879 qualitatem
636 1801 668 1862 et
681 1797 891 1864 diversitatem
904 1816 955 1863 me
967 1784 1183 1880 aspiciencium
1197 1798 1351 1866 dissimilis

209 1902 345 1968 uidebor.
377 1901 501 1967 Electus
521 1919 607 1968 meos
628 1902 661 1965 in
681 1900 867 1967 boemundo
880 1901 1023 1966 timorem
1036 1902 1155 1984 pariter
1167 1906 1199 1968 et
1212 1921 1350 1970 amorem

209 2005 322 2087 iugiter
342 2005 458 2070 habere
478 2004 610 2086 expedit,
632 2009 670 2068 ut
690 2009 723 2069 et
743 2005 837 2069 timor
857 2022 979 2087 semper
1000 2005 1134 2070 animam
1149 2005 1351 2072 sollicitansa

210 2109 309 2176 noxiis
321 2108 469 2174 retrahat
490 2108 673 2188 excessibus,
696 2111 729 2173 et
749 2126 837 2172 amor
857 2106 1007 2173 letificans
1029 2109 1129 2190 erigat
1149 2109 1191 2174 ad
1205 2127 1349 2191 snpema

459 2325 466 2335 ι
542 2248 1009 2337 Quoad-07-

249 2419 297 2485 ne
318 2419 526 2486 censitione
546 2419 732 2486 visitacionis
756 2377 870 2500 nvins'
890 2423 923 2484 et
944 2419 1077 2500 qualiter
1098 2419 1202 2485 anima
1223 2419 1315 2485 debet

526 2532 529 2537 ’
634 2541 669 2589 33
689 2527 764 2589 tunc
783 2527 937 2611 tenere.v

532 2692 536 2700 ·
597 2658 787 2743 Capituilum
807 2641 958 2727 octauum.
1083 2694 1086 2699 ·

276 2814 325 2900 (8)
334 2814 572 2881 amantissimus
594 2816 710 2881 domini
730 2814 885 2880 habitabit
901 2815 934 2879 in
947 2833 997 2880 -eo
1026 2813 1231 2895 confidenter,
1261 2815 1349 2896 quasi

209 2918 242 2983 in
262 2919 399 2984 thalamo
420 2922 489 2983 tota
509 2916 560 2983 die
582 2917 825 2997 commorabitur,
857 2921 889 2982 et
918 2918 1000 2982 inter
1027 2919 1172 2984 humeros
1197 2918 1278 2983 ilbus
1299 2935 1349 2983 re·

210 3023 347 3105 quiescet
357 3019 416 3104 (9).
456 3019 523 3087 Hec
554 3024 585 3086 et
613 3019 672 3086 biis
702 3021 813 3086 similia
842 3039 901 3103 que
929 3021 1065 3104 perfecto
1089 3023 1188 3088 amori
1208 3022 1348 3088 alludunt

209 3125 304 3190 verba
325 3124 399 3187 dum
420 3141 495 3188 anre
517 3123 617 3189 cordis
639 3124 784 3210 percipio,
807 3126 1005 3199 vehementer
1033 3127 1170 3213 suspiro,
1200 3145 1270 3190 cum
1297 3144 1348 3190 me

208 3231 275 3293 tam
294 3227 386 3308 longe
407 3244 427 3291 3
446 3225 549 3292 linctu
571 3226 746 3292 desiderato
761 3227 851 3325 huius
865 3229 978 3307 amoris
993 3247 1060 3295 esse
1074 3247 1233 3311 cognosco.
1266 3229 1348 3292 Nam

209 3331 381 3397 subtraccio
400 3330 506 3396 dilecti
528 3334 635 3396 eontra
655 3312 763 3396 votuin
784 3331 953 3414 diligentis,
986 3351 1079 3415 qnam
1100 3334 1203 3415 sepius
1223 3351 1275 3397 me
1295 3352 1349 3398 ex-

208 3439 333 3518 pertum
354 3430 422 3500 esse
442 3432 558 3514 fateor,
587 3435 751 3517 precipuus
772 3435 864 3500 michi
885 3435 1008 3525 videtur
1027 3437 1060 3500 in
1081 3453 1187 3501 amore
1207 3435 1295 3501 labor
1316 3440 1349 3502 et

158 3525 169 3541 '
208 3538 306 3606 dolor.
339 3536 495 3616 Quantum
513 3537 598 3627 enim
619 3538 687 3620 quis
709 3539 749 3603 de
771 3538 875 3604 dilecti
894 3539 1010 3604 letatur
1024 3543 1055 3603 et
1068 3538 1184 3619 gaudet
1196 3538 1265 3622 (10)
1276 3557 1348 3621 pre-

207 3643 319 3722 sencia,
342 3645 463 3707 tantum
485 3641 524 3709 de
546 3642 611 3708 eius
633 3642 777 3708 absencia
797 3643 940 3715 bistatm
961 3645 994 3705 et
1021 3641 1106 3706 dolet
1117 3639 1198 3725 (11).
1226 3641 1270 3706 Et
1290 3642 1348 3708 hec

208 3752 257 3815 cst
275 3747 331 3815 illa
350 3747 484 3830 insipida
504 3748 618 3814 amoris
632 3747 740 3829 regula
753 3747 882 3811 nimium
896 3742 1049 3824 afflictius,
1072 3763 1165 3825 quam
1177 3745 1210 3808 in
1223 3750 1346 3812 terreno

207 3867 313 3919 amore
334 3850 488 3917 declinam
508 3851 606 3931 volui,
637 3855 669 3916 et
689 3868 771 3916 nunc
798 3850 899 3932 ipsam
921 3866 1044 3929 quoque
1063 3848 1096 3911 in
1117 3865 1222 3912 amore
1244 3849 1346 3915 divino

206 3950 318 4018 inveni.
351 3951 420 4019 Hoc
442 3958 586 4033 astorgo
609 3954 811 4033 quodbabeo
838 3952 1003 4017 adversum
1032 3954 1064 4015 te
1092 3955 1193 4015 mater
1219 3950 1347 4032 pulchre

207 4054 380 4122 dilecuonis
402 4061 510 4123 eterna
530 4054 694 4137 sapiencia,
716 4055 890 4138 inpugnans
912 4060 1001 4121 tuum
1016 4072 1162 4136 amorem,
1185 4049 1277 4135 quem
1289 4072 1346 4117 nu-

273 4225 310 4296 11)
337 4231 367 4291 D
383 4239 463 4292 tuam
491 4229 593 4290 faciem
621 4235 681 4289 tam
712 4226 924 4307 ,ABEiaciem
952 4238 1033 4290 tuam
1057 4262 1102 4272 -
1130 4223 1166 4293 (2)
1195 4230 1348 4305 Dprivata

209 4311 449 4390 appsvoms-
469 4309 507 4380 (3)
528 4314 778 4376 BFMPanim—
799 4310 836 4381 (4)
856 4316 1052 4376 Areddes—
1073 4308 1109 4378 (⁵)
1131 4313 1184 4372 AF
1197 4316 1346 4375 retribues.

206 4395 297 4457 Dent.
323 4400 378 4472 82,
405 4396 916 4467 41.-(⁶)tamomOP-(7)
938 4400 1068 4461 Malooh
1097 4395 1345 4472 3‚6.—(8)J

208 4481 271 4541 odd
289 4478 533 4551 DISCIPULUS
552 4480 655 4563 -191
675 4487 767 4548 Das
787 4489 838 4561 33,
859 4491 960 4549 13-
982 4479 1036 4551 (10)
1056 4483 1113 4544 DE
1122 4481 1231 4562 gaudm
1251 4481 1347 4546 atle-

207 4572 336 4629 uuia-
348 4560 403 4632 (11)
416 4568 469 4631 AF
480 4574 661 4638 mutristatur
672 4580 702 4639 ot
715 4568 836 4655 (AEHL
846 4571 893 4655 ac)
911 4573 989 4634 dolet
1016 4570 1156 4635 OPdolat
1172 4577 1203 4633 et
1219 4574 1347 4633 instatur
