3232 5130
235 352 276 415 ts

231 485 356 566 elicit),
376 490 518 551 totsunt
538 484 571 549 in
591 501 698 549 eruore
717 482 851 551 domes
889 483 923 550 Si
944 503 1019 567 ergo
1040 487 1086 551 its
1105 494 1164 553 est
1186 505 1289 551 nonne
1311 487 1377 552 ius·

231 589 384 657 minium
405 594 467 665 cst,
497 594 533 653 ut
560 592 593 652 et
620 587 672 651 ille
699 594 822 653 ametor
850 589 904 670 qrri
933 596 998 652 um
1018 589 1170 655 sublimen
1185 592 1379 671 t'tptsmque

230 694 374 761 omnen
395 708 434 755 sc
452 690 594 755 comnibus
615 690 728 769 masiis
743 690 1014 772 inconparabiliter
1024 702 1232 773 perornatum,
1243 694 1302 757 sibi
1313 695 1378 775 pri·

230 796 403 875 dissonis)
419 794 544 875 meconii
574 793 716 858 vendicat
743 812 911 875 sponsam,
938 795 1042 876 ulique
1063 795 1194 860 adversa
1215 796 1379 877 pudnturl

232 900 400 977 tormen
415 905 498 963 corte
508 897 778 979 inconspersbiliter
791 917 829 962 u>
843 898 933 980 pluro
946 901 1097 963 exanimo
1108 902 1262 965 sustinere
1273 901 1377 979 deba,

230 1002 564 1088 omnonopootoctum
584 1002 684 1080 inemo
706 1002 871 1066 delicatum
892 1003 1006 1067 laboris
1028 1005 1075 1067 sui
1097 1006 1249 1085 premium
1272 1005 1376 1070 huba

231 1107 366 1173 llcrolro
376 1122 458 1171 nunc
477 1106 638 1171 innumere
652 1112 685 1169 et
698 1106 852 1186 stupenda
862 1125 923 1187 que
932 1106 1033 1179 leuisti
1044 1115 1076 1171 et
1087 1108 1298 1189 audisstieon.
1315 1127 1378 1191 que

230 1208 588 1297 procbpudorltpbuitn
610 1209 716 1273 mundi
738 1216 893 1275 amatores
914 1229 951 1275 ex
980 1229 1087 1275 umore
1114 1213 1280 1277 vuubumo
1307 1231 1377 1277 sus·

229 1316 397 1381 tinuerunt.
427 1312 537 1378 Nonne
557 1313 787 1393 ingemiscebas,
810 1331 880 1377 cum
901 1313 942 1377 nd
964 1315 1109 1379 noticiam
1130 1322 1216 1379 tum
1234 1316 1376 1396 peruenit

228 1419 369 1485 iuvernem
399 1416 551 1499 quemdum
580 1416 635 1480 tibi
663 1422 771 1480 notum
794 1418 825 1481 in
847 1424 968 1481 tantum
995 1418 1310 1495 fuissentsummum,
1339 1423 1376 1482 ut

229 1524 269 1589 ob
290 1540 428 1587 euterun
450 1520 540 1585 unius
561 1520 663 1601 puelle
685 1520 800 1584 sermm
822 1522 977 1601 quoelelnm
996 1524 1080 1586 muri
1093 1541 1150 1587 sue
1163 1522 1288 1587 infixum
1301 1540 1375 1604 por·

227 1626 332 1691 tarenti
363 1624 391 1687 0
412 1624 566 1705 stupende
594 1623 692 1688 vimus
720 1624 844 1689 umoris.
879 1625 1004 1706 liquot
1032 1634 1106 1689 sunt
1126 1632 1158 1689 et
1169 1627 1218 1707 lul
1229 1626 1373 1709 tinemut,

229 1729 282 1811 oui
304 1733 336 1792 ot
356 1747 407 1792 ns
429 1728 520 1805 recten
533 1744 644 1807 murus
666 1733 699 1793 et
719 1726 869 1795 honorem
891 1746 928 1792 ac
949 1730 1083 1792 citimum
1105 1730 1373 1797 inmortalemdis·

229 1832 346 1897 cnrrnini
359 1830 521 1907 dederuut,
535 1836 568 1893 et
579 1830 722 1911 periculis
731 1831 900 1895 innumeris
914 1852 948 1895 se
958 1838 1164 1913 expsueumt
1174 1839 1255 1911 (10),
1267 1854 1374 1902 umore

228 1934 315 2013 liuuti
333 1934 380 1999 vol
399 1934 504 2015 pocius
516 1935 670 2005 <creemus
678 1942 686 1995 1
699 1943 709 1995 1
716 1950 739 2017 p.
769 1935 812 1999 Et
833 1935 876 1999 illi
899 1936 1022 2017 quidem
1044 1945 1078 2001 ut
1101 1939 1375 2019 oonuptibilemet

228 2038 351 2105 brevem
374 2037 546 2103 intercutem
567 2038 748 2119 reciperent,
771 2046 805 2103 tu
828 2045 932 2103 nutem
953 2041 1161 2121 inconuptem
1177 2048 1258 2122 (12).
1290 2043 1373 2107 Audi

228 2142 271 2211 fili
293 2161 354 2225 my,
376 2146 409 2205 ot
429 2140 534 2223 accipe
556 2142 715 2207 corrsilium
737 2143 924 2221 intellectum,
959 2150 991 2207 et
1011 2163 1051 2209 ne
1072 2145 1185 2209 abicies
1213 2146 1373 2211 consilium

227 2264 341 2313 meunt.
370 2245 459 2311 luco
480 2244 590 2327 pedem
602 2251 690 2310 tuum
705 2247 735 2310 in
759 2247 911 2329 conpedes
934 2247 1023 2325 illius,
1047 2255 1079 2312 et
1100 2250 1130 2312 in
1152 2255 1279 2331 torques
1290 2251 1372 2317 illius

228 2350 339 2419 cilium
361 2355 448 2415 tuum
461 2350 542 2431 (tc).
573 2349 683 2415 Subicc
704 2350 867 2416 humerum
888 2359 977 2416 tuum
999 2357 1031 2416 et
1051 2358 1142 2433 porto
1161 2353 1256 2431 illum,
1278 2360 1372 2419 etue

227 2452 386 2521 accidieris
407 2453 439 2519 in
461 2453 589 2523 vinculis
612 2455 686 2518 eius.
716 2454 757 2518 ln
780 2456 952 2520 novissunis
974 2456 1056 2520 enim
1077 2457 1212 2522 invenies
1234 2459 1372 2539 requiem

228 2559 260 2626 in
275 2578 322 2637 cu,
345 2562 377 2621 ct
390 2561 586 2623 mttvcuetur
597 2557 651 2620 tibi
667 2557 698 2621 in
709 2557 963 2635 obleetacionem3
986 2564 1018 2622 et
1031 2566 1123 2625 eruut
1143 2562 1198 2627 tibi
1220 2561 1372 2643 conpedes

227 2662 293 2729 cius
315 2662 346 2726 in
362 2660 587 2742 protensionem
605 2658 792 2723 fortitudinis
806 2665 838 2724 et
851 2661 940 2725 boses
955 2662 1087 2742 virtutis,
1110 2670 1142 2728 et
1155 2670 1281 2746 torques
1290 2666 1372 2731 illius

228 2766 259 2833 in
282 2764 393 2828 stolum
415 2763 521 2839 clorio.
557 2763 657 2825 necor
678 2763 759 2826 euim
782 2765 843 2828 vite
865 2770 913 2828 est
934 2766 965 2829 iu
987 2767 1054 2843 illa,
1088 2774 1120 2832 et
1148 2770 1270 2834 vinceda
1289 2770 1371 2835 illius

229 2867 368 2942 ulliuncio
381 2865 533 2929 sedttturis.
565 2866 680 2930 Stolum
697 2866 793 2943 glorie
816 2867 1010 2947 indueseom,
1034 2878 1065 2934 et
1081 2891 1224 2937 coronam
1235 2874 1372 2953 gruttule

230 2971 323 3039 cionis
345 2989 533 3051 superpones
556 2969 630 3043 libi(
637 2977 699 3050 14¹).
734 2970 888 3036 Modicum
911 2973 1082 3052 laborabis,
1106 2982 1138 3038 et
1158 2978 1294 3042 invenies
1315 2978 1371 3043 tibi

228 3076 355 3145 rttnlnnn
368 3075 513 3155 eumdem.
544 3073 655 3138 Vinum
670 3080 701 3136 ct
715 3076 831 3139 triusion
852 3076 998 3141 letificunt
1020 3098 1081 3156 eor,
1106 3084 1136 3142 et
1147 3099 1241 3161 super
1251 3088 1371 3146 utrum·

229 3201 289 3265 epto
311 3177 689 3259 dilouoiosupienciol'lb).
720 3177 839 3243 Nullius
851 3179 944 3257 igitur
955 3183 1158 3261 persuasione
1170 3184 1292 3262 desute,
1315 3185 1371 3250 sed

229 3282 369 3369 posessorio,
393 3288 424 3344 et
445 3286 477 3345 tc
499 3281 530 3344 in
553 3281 721 3345 esttricicituu
743 3282 822 3346 illius
838 3302 951 3364 sponse
970 3304 1007 3348 ex
1025 3285 1195 3369 corde(16)
1210 3290 1369 3369 coniunge.

229 3388 353 3454 'l'ulibus
375 3385 467 3460 luitur
501 3389 532 3447 et
553 3384 700 3449 similibus
723 3391 878 3451 recreatus
901 3388 1176 3468 conscissionibus,
1209 3392 1242 3455 in
1263 3396 1370 3457 sancto

230 3490 386 3575 proposito
410 3487 654 3553 cettrfirntubotur.
681 3490 819 3567 Quodam
832 3491 897 3555 vice
913 3509 981 3555 cum
993 3492 1196 3559 subtilissimis
1208 3514 1370 3575 argumen-

228 3594 398 3662 tncionibun
420 3593 459 3656 ud
481 3611 617 3657 tortiorum
640 3593 745 3658 mundi
768 3597 799 3658 et
819 3594 869 3658 dci
893 3594 1101 3660 descrciouem
1122 3605 1294 3679 urgeretur,
1318 3618 1371 3665 cor

297 3716 330 3782 (ll
355 3717 656 3792 1›u1uqo‹n1ut0ro
679 3736 766 3779 corrue
789 3717 827 3798 (D
851 3717 971 3797 conche)
1005 3718 1116 3779 ABEM
1135 3732 1205 3798 quot
1226 3726 1254 3782 in
1276 3724 1370 3784 littore

231 3805 340 3869 (toriello
363 3803 401 3882 (Λ
420 3801 519 3881 erronee)
563 3805 586 3862 p
602 3813 672 3879 ‹puot
693 3807 721 3862 iu
744 3806 836 3864 littore
866 3809 951 3864 maris
979 3808 1087 3866 conche
1131 3809 1240 3884 quot
1261 3812 1371 3871 conche

231 3897 259 3955 ln
270 3893 362 3953 llttoro
373 3923 416 3932 -
427 3884 460 3951 (⁸2)
472 3889 539 3947 libri
553 3891 702 3951 srrblinunn
726 3900 753 3950 et
774 3893 923 3966 sublimen,
937 3901 963 3952 ct
975 3895 1090 3952 similia.
1100 3929 1144 3937 —
1162 3892 1195 3960 (3)
1207 3895 1261 3955 BG
1272 3900 1371 3972 previ-

230 3981 304 4055 lopio
327 4011 370 4021 -—
392 3972 425 4038 (⁴)
449 3976 471 4035 L
491 3977 665 4052 Qulnynuno
687 4011 730 4020 -
752 3974 786 4040 (5)
810 3978 854 4037 Β.)
874 3988 1012 4054 quantum
1034 4014 1078 4024 —
1100 3976 1133 4044 (6)
1157 3983 1182 4040 B
1201 3983 1304 4042 audisti
1326 4017 1371 4026 -

231 4064 264 4132 (l)
289 4062 445 4125 utntull’
460 4063 647 4138 proclulolur3
670 4082 740 4122 rosere
764 4065 811 4122 ΟΡ
829 4074 971 4124 ornatores
994 4066 1077 4125 hunius
1100 4069 1252 4126 mundi—
1270 4066 1303 4133 (8)
1315 4070 1369 4129 ΑΕ

232 4155 294 4213 odd
315 4159 385 4229 (μω)
406 4148 493 4211 -eb
507 4149 531 4206 n
548 4153 595 4225 otti
620 4161 647 4209 ot
670 4168 713 4207 res
759 4150 810 4209 BG
826 4155 873 4226 qui
897 4171 940 4210 res
964 4161 992 4211 et
1023 4153 1042 4211 J
1054 4157 1101 4228 qui
1124 4172 1223 4213 res—
1245 4152 1295 4219 (¹0)
1320 4156 1369 4215 GP

231 4244 422 4318 cupiosuuruut
444 4254 474 4295 se
539 4233 560 4299 (¹
570 4234 590 4299 Ι)
601 4256 642 4312 pr
653 4236 679 4294 l)
693 4240 816 4295 exsecuti
828 4272 871 4280 —
889 4234 939 4303 (12)
954 4239 1020 4297 Cor.
1031 4239 1056 4312 1,
1069 4243 1096 4312 9,
1109 4243 1156 4298 25.
1166 4274 1210 4284 -
1221 4237 1272 4306 (13)
1286 4242 1368 4302 GHL

231 4334 311 4389 ttttuu
333 4324 490 4385 collum—
513 4319 564 4386 (1⁴)
588 4323 676 4381 Eeeli.
699 4326 726 4394 o,
748 4327 853 4383 24-26.
875 4327 1036 4383 29-32.—
1058 4322 1108 4389 (1⁵)
1132 4327 1220 4387 dccli.
1243 4331 1295 4402 40,
1318 4333 1369 4389 20.

229 4448 272 4461 .-
284 4410 334 4477 (lu)
346 4411 398 4471 ΑΙ)
413 4428 447 4468 ox
470 4416 530 4467 toto
552 4408 637 4467 cordo
