3232 5130
1337 372 1376 435 15

232 514 304 580 liter
324 509 428 575 anima
448 508 541 575 debet
562 527 597 575 se
618 513 693 574 tunc
714 513 831 575 tencre.
865 507 940 591 (lap.
963 507 1049 573 VIII.
1070 544 1115 554 -
1143 507 1247 587 Quare
1274 507 1379 573 divina

232 613 389 699 sapienda
408 630 480 678 suos
503 631 590 679 caros
610 613 643 677 in
664 612 724 678 hoc
743 612 860 677 mundo
889 612 1042 695 permittit
1070 615 1136 676 tam
1167 610 1378 693 multipliciter

232 716 383 786 tribulari.
417 715 491 799 Cap.
513 716 569 781 IX.
588 753 634 763 —
653 716 702 781 De
724 716 908 782 uudetibus
929 712 1138 780 infernalibus.
1173 712 1248 796 Cap.
1270 713 1310 778 X.
1333 751 1378 761 —

233 823 282 888 De
303 820 422 902 gaudiis
443 820 708 903 supercelostibus.
732 818 807 901 Gap.
819 819 927 883 XI.—-
943 818 1171 883 Determinacio
1184 816 1378 900 quarundam

234 923 1035 1007 obieocionnmqueinprecedentibussuntobmisse.
1059 920 1378 1004 Capilli-Quam

234 1028 310 1093 utile
331 1028 372 1093 sit
392 1046 481 1094 servo
503 1027 554 1092 dei
574 1028 607 1091 in
628 1027 688 1092 hoc
708 1025 825 1092 mundo
839 1026 953 1090 multas
975 1025 1128 1090 sustinere
1151 1025 1377 1091 tribulationes.

234 1131 310 1214 Cap.
332 1130 470 1195 XIH.-
492 1130 592 1209 Quam
613 1130 689 1195 utile
710 1131 752 1195 sit
772 1129 947 1212 passionem
970 1127 1063 1193 bristi
1083 1129 1196 1209 iugIter
1217 1127 1331 1194 habere
1345 1130 1378 1192 in

234 1235 393 1301 memoria.
427 1233 502 1317 Gap.
525 1233 663 1299 XIV.-
684 1231 845 1311 Quomodo
866 1250 958 1297 verus
981 1231 1074 1298 Gristi
1096 1232 1262 1314 dIscipulus
1287 1232 1380 1297 debet
1419 1236 1427 1245 “

234 1358 269 1405 se
283 1336 474 1420 configurare
494 1338 688 1421 passionibus
709 1336 815 1419 ipsius.
840 1334 1048 1418 Oap.XV.-
1069 1334 1295 1402 Conmendacio
1316 1335 1378 1401 sin·

234 1442 349 1524 gularis
369 1441 520 1526 beatc(l)
542 1441 687 1522 virginis,
720 1444 752 1504 et
781 1439 820 1504 de
846 1439 952 1505 dolore
973 1440 1039 1505 eius
1059 1440 1255 1507 inestimabili
1287 1458 1379 1523 quem

234 1547 343 1612 habuit
361 1546 394 1610 in
412 1546 555 1627 passione
575 1543 696 1627 filim).
720 1542 795 1626 Gap.
807 1542 892 1608 XVL

567 1647 701 1730 Explicit
722 1647 829 1712 tabula
849 1646 920 1712 libri
934 1647 1042 1729 primi.

471 1800 1151 1852 ww-

536 1957 654 2040 Jncipit
673 1956 793 2040 primus
813 1957 892 2060 liber
913 1957 1074 2040 horologii.

290 2148 429 2228 Qualiter
449 2147 575 2230 quidam
597 2148 687 2213 electi
708 2151 740 2212 et
761 2148 865 2213 divina
884 2149 990 2231 gracia
1010 2149 1152 2231 preventi
1173 2147 1215 2214 ad
1236 2150 1328 2215 deum

274 2334 280 2341 ‚
408 2251 588 2316 mirabiliter
609 2249 784 2332 trahuntur,
808 2256 840 2315 et
860 2252 1033 2334 specialiter
1051 2253 1205 2334 quomodo
1309 2326 1312 2333 ¹

528 2354 654 2437 quidam
674 2354 792 2420 iuvenis
813 2353 871 2420 fuit
883 2355 931 2439 (3)
954 2360 1081 2421 tractus.

497 2532 499 2537 .
628 2474 818 2558 Capittulum
838 2476 981 2558 primuun.

298 2581 388 2646 Hanc
409 2579 510 2645 amavi
531 2584 563 2645 et
585 2580 734 2662 exquisivi
754 2597 774 2643 a
794 2580 952 2645 iuventute
973 2598 1060 2660 mea,
1095 2586 1127 2646 et
1149 2581 1266 2663 quesivi
1287 2579 1379 2645 michi

234 2702 380 2767 sponsam
392 2682 613 2767 assumere(l).
636 2684 715 2748 Erat
725 2683 850 2766 quidam
859 2684 986 2764 iuvenis,
999 2684 1057 2749 deo
1068 2683 1226 2768 notus(5),
1237 2685 1294 2767 qui
1304 2684 1379 2748 dum

234 2787 268 2852 in
287 2788 424 2870 primove
444 2788 612 2854 iuventutis
634 2786 710 2853 flore
731 2789 826 2854 seculi
849 2789 1037 2854 vanitatibus
1058 2789 1199 2871 inplicari
1231 2789 1377 2871 cepisset,

236 2895 268 2955 et
277 2908 334 2973 per
342 2890 482 2956 labencia
490 2891 598 2956 mundi
610 2892 834 2957 oblectamenta
845 2891 1004 2974 deflueret,
1016 2893 1321 2974 atqueinregionem
1329 2892 1378 2975 (6)

236 2993 488 3061 dissimilitudinis
510 3014 530 3059 a
557 3000 643 3061 statu
671 2995 796 3078 proprie
824 2996 931 3062 salutis
961 2997 1105 3062 oberrare
1134 2998 1242 3063 vellet:
1276 2996 1380 3061 divina

235 3097 401 3163 miserante
422 3099 594 3179 clemencia,
616 3092 710 3165 modo
732 3100 867 3181 quodam
887 3100 1032 3167 meffabili
1054 3101 1246 3183 illustratur,
1270 3107 1302 3167 et
1322 3122 1380 3185 per

234 3201 349 3267 blanda
368 3203 485 3285 pariter
506 3207 538 3268 ct
559 3221 670 3286 aspera
691 3207 825 3284 tremus,
859 3205 986 3269 tandem
1015 3205 1056 3269 ad
1084 3206 1211 3272 semitas
1240 3207 1379 3273 veritatis

234 3323 292 3387 per
312 3323 449 3370 amorem
469 3307 623 3389 sapiencie
643 3307 825 3373 mirabiliter
845 3308 1012 3373 reducitur.
1058 3307 1135 3374 (lum
1157 3310 1240 3374 enim
1261 3311 1379 3377 iuvenis

234 3407 373 3492 prelatus
395 3410 496 3476 adhuc
514 3411 661 3492 puemlus
683 3415 717 3476 et
736 3411 883 3491 novicius,
905 3412 1037 3476 necdum
1059 3413 1157 3477 amori
1180 3417 1281 3494 aptus,
1304 3431 1380 3495 qua·

236 3512 308 3577 dam
328 3513 395 3579 vice
416 3513 457 3578 ad
477 3513 641 3596 legendum
661 3515 695 3581 in
711 3515 849 3581 bibliase
860 3514 1053 3580 contulisset:
1077 3520 1279 3581 occurrerumt
1298 3517 1381 3581 intar

236 3616 298 3681 alia
318 3618 450 3699 quedam
470 3620 565 3684 verba
585 3620 627 3685 ad
641 3638 779 3685 amorem
790 3617 942 3700 sapiencie
954 3618 1130 3683 invitancia.
1162 3619 1279 3696 Quibus
1290 3619 1381 3685 valde

237 3721 420 3801 delectatus,
444 3723 553 3788 ceteris
576 3723 716 3788 omnibus
737 3721 960 3804 pretermissis,
993 3720 1034 3784 ad
1063 3722 1202 3787 cedulam
1224 3724 1380 3805 quandam

236 3829 330 3907 prout
349 3825 458 3891 melius
471 3827 573 3908 potuit
581 3845 660 3908 puer
670 3826 846 3907 ingeniosus
856 3825 995 3907 predicta
1005 3826 1100 3890 verba
1115 3827 1333 3911 transcripsit(
1354 3826 1380 3910 l.

236 3928 314 3994 Post
332 3928 390 3995 hec
411 3930 485 3994 dum
505 3928 698 4011 frequencius
711 3929 758 4014 (8)
781 3929 908 3995 leccioni
929 3948 1035 3995 mense
1055 3931 1235 4011 interesset,
1263 3931 1381 3996 audivit

236 4032 349 4099 ibidem
372 4034 504 4117 qualiter
520 4033 623 4099 divina
641 4033 796 4116 sapiencia
812 4034 904 4125 velud
926 4034 1057 4101 delicata
1080 4053 1194 4118 sponsa
1215 4040 1248 4101 et
1269 4035 1382 4101 dilecta

303 4173 336 4240 (l)
360 4177 408 4235 GP
420 4177 483 4235 odd
503 4176 648 4234 Mario-
671 4170 704 4239 (9)
728 4176 829 4235 Aaou
850 4179 893 4235 sui
916 4210 960 4219 —
982 4173 1016 4240 (3)
1039 4176 1115 4236 FHJ
1137 4178 1274 4235 luerit—
1296 4174 1330 4241 (4)
1350 4177 1379 4235 D

238 4280 373 4338 sponsam
396 4264 481 4323 michi
495 4280 559 4322 eam
573 4280 726 4323 assumere.
745 4264 877 4338 Sopicat.
891 4266 918 4335 8,
930 4267 958 4322 9.
968 4296 1012 4304 —
1023 4260 1057 4325 (5)
1069 4263 1172 4322 EJLM
1189 4264 1242 4323 deo
1258 4264 1382 4324 devotus

238 4381 282 4392 -
303 4346 337 4412 (θ)
360 4349 529 4426 Aregione3
558 4366 629 4410 moa
648 4349 725 4408 CDP
748 4355 777 4408 et
797 4356 874 4409 statu
894 4383 938 4392 —
961 4344 993 4411 (7)
1012 4349 1114 4410 CGHJ
1127 4353 1315 4426 transscripsit
1336 4385 1381 4394 -

240 4430 273 4499 (8)
287 4435 334 4493 ΟΡ
346 4436 424 4494 Dum
445 4437 625 4511 frequencius
646 4444 712 4512 post
733 4436 786 4495 hec
