3232 5130
768 1103 982 1171 ADDENDA.

303 1296 379 1381 Pog.
403 1302 454 1363 76.
475 1296 529 1361 lin.
553 1300 604 1362 27.
627 1295 667 1361 od
688 1295 869 1362 vocobulum
886 1299 1069 1376 protonolo
1089 1295 1169 1361 oddo
1190 1294 1270 1363 hono
1290 1296 1451 1363 nonnam:
1522 1229 1567 1307 g

370 1400 511 1485 „Abhinc
532 1401 629 1467 codex
650 1400 679 1464 Α
700 1400 763 1466 ana
782 1419 878 1465 manu
899 1402 1051 1466 extratns‘
1065 1401 1159 1466 est.“'
1205 1458 1209 1465 .
1578 1395 1589 1482 ἶ

304 1505 381 1587 Pog.
405 1510 477 1573 100.
501 1509 565 1570 not.
592 1509 619 1569 1.
643 1505 739 1570 udde:
764 1504 814 1588 „G
825 1510 951 1587 ypolite.-
971 1522 1051 1587 quae
1071 1503 1163 1571 lectio
1183 1503 1275 1572 hnud'
1288 1504 1379 1572 dubie
1401 1508 1452 1572 ont
1546 1511 1595 1597 ’.ζ

370 1608 539 1692 depravato
561 1627 600 1674 ex
621 1627 659 1673 eo
679 1627 773 1691 quam
793 1608 930 1675 habeto
945 1614 1094 1689 popob'te:
1116 1608 1164 1674 oui
1189 1610 1378 1677 simillimum
1400 1614 1451 1677 ost
1548 1605 1568 1698 ,ἶ

370 1713 447 1779 illud
463 1721 600 1794 poposoo
620 1734 651 1796 p.
670 1718 741 1794 117,
766 1714 838 1778 22ss

740 1902 1020 1969 CORRIGENDA.

382 2099 435 2177 29,
458 2098 509 2161 27.
527 2114 588 2175 pro
608 2094 855 2161 tribulationibus
877 2099 939 2175 leqe
959 2094 1211 2162 tribulacionibus

383 2205 435 2280 60,
459 2202 510 2264 22.
557 2248 573 2283 „
608 2197 751 2265 artifioati
900 2248 916 2283 ,
961 2197 1116 2264 artificiati

383 2308 489 2384 89,1.
557 2353 573 2386 ,
607 2303 761 2385 promixta
903 2352 919 2387 ,
964 2304 1118 2386 permixta

301 2416 304 2421 '
363 2413 436 2489 161,
459 2412 511 2474 23.
556 2456 572 2491 ,
609 2407 771 2490 quodboc
902 2408 1126 2491 „-quod-boo
1165 2445 1170 2457 ·
1241 2446 1278 2457 -·

363 2517 436 2595 212,
460 2520 489 2579 5.
558 2562 574 2597 ,‚
608 2512 763 2578 irredetur
903 2559 919 2594 „
964 2512 1110 2577 irridetur

566 2842 604 2907 In
625 2842 874 2907 annotationibus
896 2839 1070 2922 significant
1089 2841 1198 2907 literae

449 2967 512 3025 add
532 3012 1023 3027 ..........
1050 2966 1134 3026 addo
1154 2964 1202 3026 vel
1222 2963 1338 3025 anama

449 3087 498 3129 om
535 3116 1023 3132 ..........
1048 3074 1155 3130 omittit
1175 3069 1223 3129 vel
1244 3072 1383 3129 omiumt

446 3193 485 3250 pr
534 3219 1024 3236 ..........
1049 3192 1069 3233 α
1085 3178 1189 3250 prima
1208 3192 1304 3235 manu

448 3296 517 3338 corr
539 3324 1028 3340 ..........
1051 3297 1072 3339 a
1092 3298 1188 3339 manu
1209 3279 1339 3339 semmua
