3000 5196
204 355 247 421 60

203 507 302 572 lectus
322 506 476 573 humanus
499 526 610 590 capere
631 527 694 574 non
715 511 836 591 potest3
860 515 892 574 et
913 511 982 577 ideo
1004 529 1130 577 necesse
1152 518 1200 579 est
1217 532 1270 579 eas
1283 519 1348 579 tra·

205 610 278 676 dere
287 629 345 693 per
358 613 516 694 ymagines
531 616 564 677 et
578 617 747 678 consuetas
762 614 986 680 similitudines.
1020 615 1220 682 Pulchritudo
1234 619 1348 700 quippe

204 730 274 778 mea
290 718 385 779 'tanta
406 720 462 795 est,
486 720 522 779 ut
542 717 568 780 si
591 717 659 797 quis
680 717 800 797 magnis
823 718 1006 783 cruciatibus
1027 719 1132 783 multis
1147 720 1234 784 annis
1249 739 1283 785 se
1297 739 1348 785 ex·

204 823 344 900 poneret,
367 820 411 883 ut'
424 820 473 884 vel
495 819 535 883 ad
556 820 651 884 ictum
673 820 754 884 oculi
775 839 825 885 me
839 822 871 884 iu
885 821 996 886 decore
1013 827 1100 888 tanto
1113 823 1161 906 (1)
1173 824 1349 904 conspicere

204 927 320 1004 posset,
343 922 459 1003 absque
481 923 564 987 omni
586 923 678 988 dubio
700 924 788 989 labor
808 925 927 1006 premio
948 926 1049 991 minus
1069 926 1170 990 adhuc
1183 925 1350 1008 responde-

205 1030 264 1091 ret.
298 1025 559 1093 DISCIPULUS:
582 1028 631 1090 Ex
653 1045 713 1107 quo
736 1030 772 1090 ut
792 1027 904 1092 asseris
927 1027 965 1091 de
987 1031 1243 1110 supercelestibus
1258 1034 1290 1093 et
1304 1029 1350 1093 di-

205 1129 284 1194 vinis
305 1131 397 1196 rebus
421 1131 512 1195 aliter
531 1131 616 1211 loqui
631 1149 693 1195 non
706 1149 869 1212 possumus
881 1131 940 1214 (2),
963 1133 1022 1197 nisi
1035 1151 1092 1214 per
1107 1134 1232 1199 modum
1246 1152 1350 1198 rerum

205 1233 420 1315 corporalium,
439 1235 530 1299 liceat
543 1234 674 1315 simplici
688 1234 1015 1316 discipulo,·magistro
1029 1236 1268 1317 prudentissimo
1282 1255 1351 1302 ver-

72 1399 79 1403 .
205 1337 279 1402 bum
301 1337 432 1419 simplex
453 1356 636 1420 proponere,
660 1339 745 1403 cuius
768 1337 1009 1403 declaracionem
1031 1340 1120 1421 cupio
1142 1339 1265 1405 habere.
1301 1340 1351 1403 En

205 1441 324 1523 species
347 1441 403 1504 celi
416 1440 465 1524 (3)
476 1441 574 1521 gloria
596 1441 765 1533 stellarum,
789 1445 882 1522 atque
903 1445 1050 1506 venustas
1073 1443 1173 1524 campi
1195 1461 1233 1506 ex
1247 1443 1351 1507 multi-

205 1543 315 1609 tudine
324 1545 527 1626 perpenditur
536 1543 656 1609 florum.
691 1544 741 1609 Sic
756 1563 818 1609 non
833 1563 1001 1626 numquam
1015 1546 1108 1611 dcoor
1122 1547 1351 1611 iuvencudarum

206 1664 263 1712 seu
284 1666 466 1730 sponsarum
489 1650 715 1730 terrigenarum
725 1667 763 1713 ex
776 1653 888 1712 ornatu
903 1649 1075 1713 attenditur
1087 1651 1350 1716 vestimentorum.
1444 1685 1449 1696 ·

206 1751 352 1817 Unde'et
373 1769 449 1817 auro
472 1757 563 1831 tecte,
586 1753 714 1833 gemmis
733 1752 983 1824 chomscantibus
997 1751 1106 1832 imbse,
1129 1754 1290 1819 subtilibus
1305 1755 1352 1817 in·

207 1857 299 1936 dute,
327 1857 418 1921 sertis
439 1856 622 1921 micantibus
644 1855 802 1934 redimite,
832 1855 960 1936 pulchre
984 1856 1164 1937 procedunt.
1209 1857 1257 1922 Tu
1278 1876 1352 1922 vero

208 1960 304 2042 quid?
326 1958 561 2025 SAPIENCIA:
584 1958 725 2023 Pmdens
746 1959 848 2041 pictor
861 1959 914 2022 ubi
929 1959 1100 2023 subiectum
1113 1958 1215 2025 deficit
1227 1959 1285 2043 (4),
1302 1979 1352 2025 ac·

110 2054 115 2059 ’
208 2063 345 2129 eidencia
366 2063 571 2144 multiplicare
594 2063 767 2127 consuevit.
801 2061 843 2126 Et
865 2061 949 2143 quod
970 2063 1160 2128 maculosum
1189 2082 1257 2128 esse
1282 2082 1352 2144 cog-

207 2167 399 2250 roverito),
422 2167 546 2232 rubrica
567 2166 656 2231 linire
677 2165 844 2245 festinabit,
867 2170 903 2229 ut
925 2183 962 2229 ex
984 2166 1184 2252 sophisticata
1195 2167 1243 2251 (6)
1254 2166 1354 2232 forma

104 2271 106 2280 '
207 2271 368 2353 ignoretur
389 2271 461 2352 quia
482 2271 559 2336 latet
582 2271 697 2352 anguis
719 2270 752 2334 in
776 2270 882 2335 herba.
896 2269 1028 2334 ‹Ridere
1058 2275 1245 2352 apparenter
1273 2272 1355 2351 cogit

209 2375 292 2456 quod
312 2393 370 2439 nec
390 2375 533 2440 sensibile
555 2374 679 2456 quidem
702 2377 766 2453 est3
795 2374 900 2455 sioque
925 2373 1030 2438 oculos
1051 2373 1202 2439 humanos
1224 2374 1353 2455 decipit,

209 2477 283 2542 dnm
305 2477 388 2559 quod
410 2478 548 2544 deforme
569 2479 627 2544 sub
648 2472 784 2559 tegmine
806 2482 871 2556 est,
895 2475 1056 2542 colorifero
1077 2477 1242 2558 splendore
1262 2478 1354 2559 perli-

208 2579 296 2646 niens
318 2581 421 2646 reddit
441 2581 620 2646 formosum
654 2581 695 2645 Jn
718 2599 778 2662 quo
800 2585 905 2644 tamen
926 2581 1025 2661 magis
1047 2579 1172 2644 artificis
1190 2599 1282 2660 quam
1304 2600 1354 2644 ar·

208 2683 316 2750 tilicati
338 2686 516 2767 preconium
538 2686 604 2749 iure
625 2683 789 2766 prefertur.
822 2683 976 2765 Eregione
988 2684 1036 2768 (7)
1048 2701 1121 2749 vero
1137 2683 1183 2748 sol
1196 2683 1354 2748 radiorum

209 2807 336 2854 suorum
358 2789 564 2853 circumdatus
584 2787 770 2868 fulgoribus,
800 2788 901 2852 aliena
922 2807 984 2852 non
1007 2791 1077 2868 eget
1097 2786 1272 2850 mendicata
1292 2786 1354 2851 for-

209 2891 363 2972 mositate,
386 2910 477 2972 quem
498 2893 530 2956 in
553 2893 690 2957 assencia
710 2909 768 2956 sua
788 2891 981 2956 luminositas
1003 2895 1068 2955 tam
1089 2892 1230 2955 inmensa
1252 2890 1354 2954 inves-

210 2993 289 3057 tivit.
323 2995 374 3060 Sic
384 2996 592 3077 sicsapiencia
603 3000 710 3059 eterna
721 2981 897 3060 soliusticie
910 2994 969 3079 (8),
994 2996 1170 3078 qninpmmo
1187 2993 1255 3075 ipsa
1269 2994 1354 3057 cuius

209 3099 467 3181 pulchritudinem
489 3101 535 3164 sol
558 3104 590 3164 et
610 3100 684 3164 luna
704 3100 865 3178 mirantur,
887 3100 988 3163 lucem
1004 3098 1147 3163 habitans
1160 3096 1208 3181 (9)
1219 3097 1354 3162 inacces-

210 3204 338 3282 sibilem,
360 3203 393 3267 in
415 3203 628 3284 splendoribus
651 3207 837 3280 sanctorum,
862 3220 899 3265 ex
920 3205 1009 3266 utero
1032 3206 1104 3265 ante
1120 3200 1280 3265 luciferum
1302 3218 1355 3280 ge

210 3307 293 3372 nitus
305 3306 393 3390 (1.0),
407 3306 578 3387 fulgoribus
587 3306 834 3370 mmensissimis·
840 3291 1056 3384 circumdatus,
1075 3306 1175 3369 aliena
1188 3301 1356 3369 forinsecus

209 3411 424 3493 'conpositione
444 3429 507 3475 non
530 3414 609 3490 eget.
645 3410 774 3487 Qui'est
793 3413 895 3472 totum
911 3408 1000 3488 quod
1014 3412 1070 3486 est,
1094 3408 1176 3488 quod
1193 3407 1356 3489 pulchrum

210 3518 274 3599 est,
305 3514 387 3596 quod
409 3514 598 3597 speciosum,
628 3513 711 3595 quod
733 3513 887 3577 decorum.
916 3510 993 3574 Cui
1007 3510 1088 3574 idem
1111 3514 1158 3574 est
1184 3529 1251 3575 esse
1274 3509 1356 3591 quod

209 3617 381 3700 pulchrum,
405 3617 487 3699 quod
510 3617 690 3683 delectabile
702 3617 731 3701 (1
742 3615 772 3698 1)
785 3634 861 3681 esse.
889 3615 1004 3679 Omnis
1019 3613 1164 3676 nimiunn
1179 3613 1356 3695 gloriaeius

118 3769 121 3774 -
209 3722 333 3786 abintus
346 3722 379 3786 in
392 3719 519 3786 fimbriis
532 3721 602 3804 (12)
615 3722 726 3800 aureis,
743 3720 972 3784 circumamicta
988 3717 1139 3786 varietate
1150 3717 1230 3801 (13).
1253 3717 1356 3781 Amic·

209 3829 261 3891 tus
283 3843 417 3907 namque
437 3825 553 3889 lumine
574 3824 654 3889 siout
675 3826 859 3890 vestimento
873 3822 960 3907 (14),
990 3826 1083 3886 tanta*
1104 3840 1142 3886 ex
1164 3821 1247 3887 omni
1267 3822 1357 3900 parte

241 3983 244 3996 ’
277 3994 311 4064 (l)
335 3986 444 4059 CDMP
457 3992 536 4058 tanto
559 3998 662 4058 decore
683 4033 727 4042 —
749 3996 782 4064 (2)
805 4001 1035 4074 BEFpossimus
1052 4024 1096 4059 -c-
1118 3992 1152 4060 (3)
1173 3994 1301 4072 JMadd
1322 4010 1357 4051 ex

211 4118 255 4129 -
277 4082 311 4150 (4)
333 4087 478 4146 Hdefecit
497 4117 540 4130 —-
564 4081 598 4150 (5)
612 4086 675 4145 BD
688 4089 823 4160 cognovit
843 4119 887 4132 --
909 4081 943 4149 (6)
965 4084 1162 4143 Hsofistioata
1204 4080 1357 4138 Esoffisti-

212 4179 278 4231 cata
321 4173 461 4232 ABCGM
473 4172 627 4248 sophistica
648 4206 692 4216 -
714 4169 748 4235 (7)
770 4172 791 4231 J
802 4173 845 4229 Ex
856 4175 972 4248 regione
993 4203 1037 4213 —
1059 4164 1092 4231 (8)
1115 4167 1243 4225 Molocb.
1265 4169 1300 4250 4,
1330 4170 1357 4223 2.

210 4290 257 4303 -··
278 4254 312 4322 (9)
336 4260 410 4319 DJL
425 4258 596 4319 inhabitant.
623 4261 695 4318 Tim.
717 4260 749 4329 Ι,
780 4262 815 4331 6,
846 4262 889 4317 16.
909 4265 954 4300 ‘—
976 4251 1027 4319 (10)
1052 4254 1132 4312 Psoi.
1156 4256 1228 4323 109,
1257 4254 1285 4311 3.
1314 4285 1357 4294 -

214 4338 265 4406 (ll)
288 4344 342 4402 JM
353 4347 414 4404 add
434 4353 478 4406 est
498 4380 542 4389 —
564 4342 615 4408 (¹2)
638 4346 786 4405 H-finbriis
831 4344 990 4403 Cfimbreis
1012 4375 1055 4383 —
1078 4335 1129 4403 (13)
1152 4340 1233 4398 Ptol.
1249 4342 1298 4410 44,
1314 4342 1357 4398 14.

212 4462 257 4474 -
279 4425 330 4492 (14)
353 4433 436 4490 esau
455 4435 529 4505 roe,
545 4437 573 4491 e.
598 4501 601 4504 Α
823 4427 826 4435 ’
