3232 5130
167 356 281 439 'a

232 511 314 579 sicut
333 507 451 574 musica
471 507 503 572 in
525 501 662 573 mucida
683 505 818 591 vini(1)‚
841 510 873 573 et
893 505 974 574 sicud
998 508 1076 573 odor
1093 506 1234 574 suavium
1258 524 1377 590 tmgeu·

234 619 347 681 torum.
379 610 460 678 Sunt
480 610 594 676 etenim
605 609 654 694 (a)
666 611 720 694 qui
739 627 776 677 se
795 609 912 691 aliquid
932 615 1045 693 putant
1059 628 1128 678 esse
1142 615 1175 676 et
1189 610 1282 677 nichil
1296 615 1380 692 sunt,

234 717 291 784 sed
310 715 429 798 seipsos
450 716 482 779 et
507 713 647 780 iucamos
676 730 815 796 quosque
842 712 1008 796 decipiunt.
1049 713 1077 778 0
1104 715 1250 797 quociens
1278 715 1380 781 ninus

235 819 392 905 cognitum
412 821 544 896 amatur,
566 817 649 899 quod
669 817 761 899 plene
782 816 939 898 cognitum
952 816 1053 882 ninus
1072 820 1206 882 curatur.
1237 818 1280 882 Et
1293 816 1379 883 cuius

233 921 394 1007 presencia
414 937 471 1001 pre
491 920 604 986 amoris
626 920 824 986 vehementia
843 921 895 986 rix
917 920 1137 1002 expectabatur
1149 920 1216 1003 (3),
1239 921 1302 986 iam
1323 920 1379 985 ba-

235 1025 333 1091 bitum
354 1024 395 1088 ad
414 1022 535 1089 libitum
557 1040 595 1088 ex
616 1023 679 1088 odii
699 1023 910 1105 magnitudine
941 1023 1257 1105 ardenciuseicitur,
1286 1041 1380 1107 quam

234 1146 298 1194 non
318 1125 459 1192 habitum
478 1125 711 1209 prestolaretur.
740 1126 854 1194 Fateor
864 1145 919 1194 -me
930 1128 991 1194 ista
1003 1129 1036 1192 in
1048 1127 1097 1212 (4)
1109 1127 1216 1194 diebus
1233 1127 1380 1194 vanitatis

234 1249 304 1296 mee
325 1229 473 1296 curiosius
493 1230 683 1311 iuspectasse
694 1229 753 1315 (t),
776 1235 808 1296 et
827 1232 981 1298 invenisse
1002 1222 1061 1298 hoo
1075 1231 1159 1313 quod
1171 1232 1204 1296 in
1216 1231 1379 1314 proverbio

237 1334 365 1401 dicitur:
388 1333 448 1411 Qui
469 1350 596 1398 caruere
609 1334 678 1414 nisi,
693 1338 843 1423 nonstmt
857 1334 953 1402 oculis
970 1334 1063 1401 michi
1077 1335 1145 1401 visi.
1179 1334 1381 1418 Quocumque

237 1439 320 1505 anim
340 1455 391 1502 me
411 1437 579 1518 vertebam,
602 1436 756 1504 deiedum
777 1438 910 1521 aliquam
932 1439 1029 1504 amori
1044 1437 1284 1504 contrariantem
1294 1439 1380 1504 inve·

236 1540 368 1608 niebam.
408 1539 490 1604 Nam
511 1541 538 1606 si
559 1540 668 1605 aderat
688 1540 884 1624 pulchritudo
907 1541 1053 1623 corporis,
1077 1541 1184 1607 deerat
1204 1539 1379 1609 formositas

236 1643 358 1710 meritis.
386 1642 564 1710 Subiectum
574 1644 738 1709 delicatum
748 1662 810 1710 non
820 1662 988 1725 numquam
1001 1662 1123 1709 morum
1132 1644 1380 1727 inconpcsicione

235 1737 288 1813 vel
301 1747 412 1829 'inepta
432 1747 567 1828 quadam
595 1751 628 1812 et
654 1747 752 1812 amori
780 1747 935 1812 conbaria
961 1747 1131 1813 stoliditate
1158 1748 1331 1833 peccabat(
1352 1747 1377 1831 ).

191 1928 196 1937 ¹
236 1851 327 1917 Nunc
347 1849 485 1932 aquilum
496 1849 544 1934 (7)
555 1868 666 1916 nasum
686 1854 742 1916 aut
763 1869 899 1933 symuuu,
928 1869 1010 1917 nunc
1038 1851 1147 1916 dentes
1167 1855 1301 1951 retortm
1323 1856 1380 1918 aut
1406 1846 1410 1855 “

238 1955 336 2022 crines
349 1954 484 2020 'abrasos
497 1957 553 2018 aut
566 1953 706 2020 sordidas
719 1957 820 2019 vestes
833 1952 975 2019 babebat.
1006 1953 1096 2033 Quod
1109 1954 1136 2020 si
1149 1953 1207 2020 heo
1220 1954 1378 2021 advotum

236 2062 334 2138 erant,
357 2060 493 2139 egestate
514 2056 613 2121 multa
633 2057 732 2122 amori
745 2056 900 2123 contraria
915 2056 1122 2140 premebatur.
1155 2057 1245 2137 Quod
1262 2058 1290 2124 si
1301 2074 1377 2141 opu-

114 2207 117 2212 ·
138 2141 142 2147 ’
233 2162 333 2229 leucia
354 2165 387 2228 et
406 2160 634 2243 pulchritudine
654 2158 795 2242 florebat,
817 2160 973 2227 rusticitas
990 2160 1112 2242 generis
1125 2161 1225 2244 ipsam
1239 2162 1378 2229 odiosam

232 2267 392 2334 'reddebat
425 2264 515 2330 Hanc
535 2265 741 2347 melancolya‚
764 2263 845 2329 hanc
865 2266 969 2331 colera
988 2265 1037 2330 ira
1056 2265 1165 2347 plena,
1193 2263 1274 2330 hanc
1294 2263 1377 2330 fama

234 2370 376 2452 ecliptica
395 2368 586 2451 denigrabat.
619 2367 680 2434 Ubi
700 2387 775 2435 vero
796 2368 854 2434 hec
876 2369 979 2433 omnia
1000 2368 1130 2434 aderant
1154 2371 1376 2450 congruenter,

233 2462 451 2556 inpossibilitas
463 2471 649 2556 (apr-optio
670 2470 787 2551 deerat,
809 2471 858 2536 vel
870 2470 919 2554 (9)
930 2471 1052 2538 malicia
1073 2472 1232 2538 hominum
1252 2471 1302 2538 vel
1323 2471 1378 2537 de·

234 2577 349 2645 baddo
368 2577 558 2658 linguarium,
581 2591 641 2656 que
662 2574 807 2655 poculum
828 2572 917 2639 dulce
935 2575 1139 2641 amaritudine
1151 2575 1285 2659 quadam
1305 2590 1376 2658 per-

96 2688 99 2693 “
233 2681 412 2759 fundebant,
435 2683 468 2743 et
487 2695 538 2742 me
552 2677 591 2742 ab
604 2677 779 2741 huiusmodi
793 2694 899 2743 amore
914 2676 1132 2760 refrangebant
1143 2678 1224 2763 (10).
1246 2679 1376 2744 Animus

233 2804 321 2850 meus
342 2799 480 2847 amorem
493 2780 623 2861 spirans,
638 2797 741 2843 rosam
757 2779 870 2845 habere
885 2779 1005 2862 spinam
1020 2783 1281 2863 conquerebatur3
1303 2783 1376 2866 lylia

231 2890 288 2953 aut
307 2885 403 2951 violas
424 2883 609 2949 mstieorum
630 2883 699 2947 usui
721 2901 757 2947 sc
769 2883 838 2967 (11)
849 2888 996 2966 pecorum
1010 2886 1113 2966 pastui
1128 2886 1283 2952 deservire
1296 2871 1376 2952 sicut

230 2988 361 3073 principi
382 2986 684 3070 attedisbatur(12).v
716 2985 872 3053 Pavonem
894 3007 989 3054 aurea
1010 2994 1096 3054 veste
1110 2990 1259 3053 nitentem
1274 2987 1375 3054 defor-

226 3111 298 3179 ¹mes
318 3092 432 3161 habere
453 3091 548 3172 pedes
569 3091 698 3155 moleste
719 3089 847 3156 ferebat.
882 3092 961 3169 Quid
983 3091 1095 3174 plura?
1118 3090 1237 3157 Cuncta
1249 3110 1374 3175 percur-

230 3214 319 3277 rens,
341 3194 462 3276 singula
482 3193 639 3279 maculosa
659 3193 762 3290 inveni
783 3211 820 3259 ac
843 3192 1028 3259 defectuosa.
1069 3195 1202 3277 Diuique
1222 3196 1255 3261 in
1282 3196 1375 3261 corde

230 3317 310 3379 meo,
332 3297 371 3364 ab
387 3297 591 3378 'inquisicione
604 3297 717 3361 amoris
731 3314 899 3379 numquam
909 3297 987 3362 velle
1002 3298 1159 3378 desistere,
1177 3299 1275 3368 donec
1289 3319 1373 3365 ama-

227 3410 295 3470 tum
316 3400 399 3466 omni
415 3418 528 3465 ,carens
550 3398 672 3464 deiectu
693 3401 886 3482 contingeret
906 3401 1052 3470 invenire.
1089 3401 1170 3478 Quid
1184 3403 1289 3469 multis
1307 3422 1373 3469 mo-

229 3505 385 3592 rer(13)?
405 3505 486 3581 Ecce
506 3521 588 3568 nuuc
609 3504 736 3586 abyssus
758 3503 902 3586 abyssum
924 3506 1051 3585 reperit.
1092 3505 1230 3589 Abyssus
1253 3507 1373 3573 deside·

227 3614 345 3681 riorum
366 3607 667 3692 abyssumintroivit
688 3608 825 3672 omnium
842 3607 1016 3688 gracianum
1029 3614 1122 3691 atque
1137 3609 1371 3692 perfectionum.

300 3799 334 3868 (1)
355 3802 444 3861 Eecli.
465 3804 521 3873 49,
550 3804 578 3858 2.
599 3833 643 3842 —
665 3795 698 3863 (2)
721 3799 807 3858 AMP
819 3802 909 3876 euim;
932 3818 1003 3861 moa¹
1023 3802 1075 3861 BL
1089 3820 1121 3862 sa
1142 3810 1245 3879 putant
1265 3804 1372 3881 aliquid

235 3908 298 3954 esse
319 3921 363 3932 -
384 3882 419 3953 (3)
442 3887 492 3946 DJ
503 3891 671 3961 expectatur
690 3918 734 3928 -
756 3880 789 3950 (4)
811 3887 839 3942 in
863 3903 911 3944 om
933 3887 980 3946 ΟΡ
1008 3922 1052 3932 -
1074 3884 1107 3951 (5)
1130 3890 1178 3949 CF
1191 3899 1372 3966 exspectasse

233 4012 278 4025 -
306 3972 340 4042 (6)
373 3974 395 4035 J
405 3974 555 4049 spectabat
596 3970 659 4029 AM
672 3973 809 4046 precabat
835 3969 1144 4050 E(inconposiciouem
1171 3976 1218 4034 vel
1245 3980 1372 4053 ineptam

233 4065 378 4145 quandam
400 4068 429 4120 et
449 4061 539 4120 amori
561 4060 730 4118 contrariam
744 4057 937 4137 stoliditatem)
950 4064 1098 4134 prestabat
1133 4061 1372 4137 ODGHpetebct

232 4147 389 4234 (fetebaiil
411 4146 564 4221 Btepebat
606 4144 656 4201 FP
667 4144 786 4218 patebat
805 4177 850 4218 ε
871 4140 905 4207 (7)
926 4146 1119 4221 Faquilinum
1131 4180 1176 4189 -
1198 4141 1231 4210 (8)
1246 4151 1370 4222 inpossi-

230 4241 327 4301 bilitas
348 4239 457 4297 dictcm
474 4248 534 4306 pro
556 4229 729 4305 possibilitas
757 4261 801 4272 —-
828 4223 862 4294 (9)
884 4234 987 4306 supple
1008 4240 1133 4290 erat-
1155 4227 1211 4298 (19)
1230 4233 1307 4293 CDP
1323 4251 1371 4292 re-

234 4326 465 4401 stringebant-
479 4313 530 4380 (11)
545 4316 623 4375 ΑΒ)
634 4322 738 4374 aut-
749 4310 802 4380 (12)
823 4315 955 4377 AFJLM
966 4318 1157 4377 attediebatur
1179 4319 1372 4385 Otediebatur

234 4445 278 4457 -
299 4406 350 4474 (13)
371 4409 437 4466 Ein
457 4402 553 4463 multis
574 4420 667 4463 morer
697 4401 858 4463 Aqultis
879 4405 1001 4463 inmorer
