3000 5196
173 350 236 413 222

172 483 340 568 precordiis
360 483 402 548 ad
422 482 559 550 divinam
579 501 725 566 sponsam
746 501 835 549 suam
856 499 1031 564 conuersus,
1054 483 1183 567 eiusque
1200 485 1318 552 amoris

172 587 536 672 superexcellentissima
564 588 777 671 prerogativae
803 605 1052 667 conmemorans,
1079 588 1175 671 ipsius
1202 608 1318 656 nomen

172 711 236 758 non
255 693 288 756 in
309 691 422 758 tabulis
443 691 574 773 lapideis
594 697 651 757 aut
671 692 926 758 vestimentorum
949 692 1095 774 pictmis,
1123 693 1247 760 mbriea
1267 695 1319 760 vel

172 801 346 863 aucmento
358 796 406 881 (1)
418 796 608 879 conscriptis,
630 796 687 863 sed
706 796 740 861 in
760 796 873 863 tabmis
895 796 1067 863 carnalibus
1090 798 1200 879 cordis,
1222 804 1320 881 atque

172 902 283 968 litteris
304 901 486 983 sanguineis
498 899 567 985 (2),
580 919 671 967 rosea
691 901 889 966 vernantibus
902 898 1054 967 duratura
1064 903 1260 984 consignatis,
1281 920 1320 968 se

173 1011 296 1090 gestare
316 1005 608 1091 indelibiliter(3)in
626 1005 690 1070 suis
704 1004 873 1087 precordiis
887 1005 1051 1086 gaudebat.
1080 1006 1228 1072 Fructum
1240 1024 1319 1072 vero

173 1109 366 1178 salutiferum
388 1110 484 1175 divini
504 1108 619 1174 amoris
640 1109 713 1173 inde
733 1109 792 1174 sibi
814 1127 951 1175 crescere
974 1110 1151 1176 notabiliter
1164 1111 1320 1177 senciens

175 1234 213 1280 ex
232 1215 394 1298 presencia
413 1214 495 1278 bruti
515 1212 648 1278 nominis
669 1213 850 1278 memoriam
871 1213 984 1295 iugiter
1013 1215 1232 1294 ammonentis,
1263 1230 1320 1279 cn·

173 1318 323 1401 piensque
344 1316 496 1400 quoslibet
518 1317 645 1383 devotos
668 1317 770 1382 divino
790 1317 825 1381 in
844 1334 951 1382 amore
966 1317 1132 1401 proficere:
1154 1318 1258 1403 suasit
1271 1316 1319 1383 eis

173 1422 305 1506 proinde
325 1420 416 1486 hoium
437 1421 569 1486 nominis
590 1421 738 1486 maiorem
761 1438 867 1486 curam
887 1421 1017 1487 habere:
1040 1422 1112 1488 Non
1136 1421 1260 1503 quidem
1280 1425 1320 1486 ut
1380 1471 1385 1479 ,

174 1524 510 1609 idipsum(4)iacerent
531 1529 618 1590 etse
639 1524 775 1608 periculo
785 1525 959 1592 inconsulte
969 1526 1194 1606 conmitterent,
1215 1542 1320 1607 neque

174 1630 252 1696 illud
272 1629 335 1695 ullo
356 1629 449 1694 modo
470 1627 655 1713 putarim)
667 1629 780 1694 debere
801 1629 885 1712 quod
909 1629 969 1696 sibi
996 1648 1034 1695 ex
1062 1630 1209 1711 singulari
1235 1630 1320 1695 dono

86 1802 88 1808 ,
176 1735 283 1800 datum
304 1731 363 1798 fuit
383 1733 499 1798 virtute
521 1733 625 1801 divina
644 1750 802 1815 superare,
824 1734 880 1800 sed
901 1734 985 1816 quod
1004 1734 1081 1799 illud
1101 1752 1215 1800 nomen
1234 1733 1320 1799 salu·

176 1826 585 1919 tifeuumqualitcrcumque
606 1836 773 1903 formatum
793 1837 843 1904 vel
865 1839 1087 1921 conscriptum,
1110 1842 1228 1904 secrete
1249 1836 1319 1918 qui-

177 1943 248 2009 dem
270 1945 303 2007 et
321 1941 472 2021 latenter,
501 1946 557 2006 aut
583 1942 617 2007 in
645 1947 731 2008 veste
760 1942 864 2025 eliqua
884 1942 933 2009 uel
959 1943 1036 2009 alias
1057 1943 1099 2008 ad
1117 1942 1238 2008 libitum
1258 1959 1319 2023 pro

175 2046 270 2114 divini
291 2046 404 2111 amoris
426 2046 613 2111 mutacione
634 2064 756 2129 semper
778 2046 943 2112 deferrent
973 2047 1054 2113 Sane
1074 2047 1231 2130 predictus
1240 2045 1320 2111 ado-

175 2151 294 2218 lescens
315 2150 466 2217 amandus
487 2155 692 2216 memoratum
709 2138 823 2216 amoris
837 2168 915 2235 opus
926 2151 997 2216 ideo
1010 2150 1091 2231 iecit,
1107 2154 1149 2215 ut
1159 2149 1320 2231 quodens-

176 2273 307 2337 cumque
329 2255 519 2337 contingeret
539 2273 653 2329 nomen
682 2256 856 2338 predictum
884 2256 943 2322 sibi
970 2255 1028 2322 soli
1056 2239 1106 2320 ac'
1121 2255 1179 2321 deo
1204 2253 1326 2320 ibidem

177 2359 333 2441 cognitum
355 2378 375 2424 a
395 2377 430 2425 se
450 2359 564 2440 videri,
591 2360 708 2425 tociens
738 2361 930 2442 contingeret
957 2360 1120 2443 pristinam
1147 2358 1318 2424 amiciciam

177 2463 412 2529 rememorando
435 2463 523 2546 quasi
543 2468 685 2530 recenter
705 2465 738 2529 in
751 2465 845 2530 eorde
859 2484 916 2530 suo
929 2464 1079 2529 renovari.
1109 2463 1214 2529 Simile
1226 2462 1320 2527 huius

178 2572 328 2649 quantum
348 2567 390 2632 ad
410 2568 616 2635 intencionem
637 2568 710 2633 faeti
730 2569 861 2650 legimus
884 2569 923 2633 de
932 2568 1065 2650 Symone
1087 2585 1206 2633 summo
1216 2583 1318 2632 saeer-

178 2671 266 2752 dote,
290 2672 343 2754 qui
364 2672 533 2737 amiciciam
556 2671 976 2755 quadrandos-Machairous
997 2658 1094 2736 frater
1115 2672 1181 2736 eius
1202 2670 1319 2735 dudum

177 2793 247 2841 cum
268 2776 403 2841 romanis
425 2779 587 2856 statuerat,
612 2776 701 2858 quusi
720 2776 783 2840 iam
792 2777 998 2841 inveteratam
1011 2794 1081 2841 cum
1094 2791 1242 2840 renovare
1253 2773 1319 2838 vel·

176 2880 235 2945 let:
259 2879 390 2960 clipeum
412 2897 539 2944 aureum
560 2879 633 2945 illuc
653 2880 686 2944 in
708 2880 830 2961 signum
842 2879 890 2964 (6)
902 2881 987 2946 misit
1008 2884 1041 2959 et
1061 2880 1218 2962 antiquam
1238 2877 1317 2941 ami·

176 2983 283 3049 eiciam
304 2983 462 3049 innovavit
473 2983 532 3067 (7).
566 2984 616 3050 Sic
637 2989 670 3049 et
693 2984 762 3067 ipse
783 2985 924 3050 dominus
945 2985 978 3049 in
999 2984 1120 3066 signum
1140 2980 1317 3057 lederlsho·

175 3087 308 3154 minibus
330 3104 436 3153 arcum
452 3089 489 3152 in
509 3089 641 3160 nubibus
664 3089 758 3154 dedit.
790 3089 840 3155 Sic
861 3094 893 3154 et
904 3087 969 3153 filii
990 3088 1114 3155 israhel
1126 3087 1204 3153 inito
1213 3085 1319 3152 federe

176 3210 247 3258 cum
268 3191 391 3257 domino
413 3211 526 3274 aquam
548 3191 799 3276 effudenmt(8)‚
822 3196 862 3258 et
888 3192 939 3259 vel
967 3211 1038 3258 aras
1068 3189 1243 3257 edificantes
1264 3195 1321 3255 aut

173 3297 294 3380 lapides
314 3301 556 3378 ponentes„res
578 3297 696 3379 aliquas
719 3297 894 3380 corporales
916 3301 1108 3376 statuerumt,
1131 3301 1168 3385 ut
1187 3313 1245 3378 per
1266 3313 1320 3358 ex·

173 3400 292 3466 teriora
313 3401 402 3481 signa
421 3401 551 3466 interior
571 3398 690 3482 fragilis
711 3400 847 3465 humana
864 3403 1026 3468 iuraretur
1040 3401 1198 3466 memoria.
1226 3396 1320 3469 Multi

173 3523 300 3587 quoque
321 3506 420 3571 sancti
440 3506 513 3571 novi
533 3505 713 3570 testamenti
731 3506 766 3569 in
786 3506 951 3572 transactis
973 3509 1045 3570 ante
1057 3522 1122 3570 nos.
1131 3503 1320 3587 temporibus

173 3627 234 3690 pro
254 3608 454 3675 incitamento
476 3627 533 3674 sue
554 3609 728 3676 devocionis
742 3609 879 3692 picturas
895 3610 1032 3676 diversas
1042 3609 1100 3675 sibi
1108 3609 1156 3694 (9)
1164 3608 1318 3688 fecerunt3

173 3711 302 3792 -quidam
323 3713 481 3794 ymagines
503 3713 553 3778 vel
574 3731 680 3778 moces
702 3714 789 3779 iuxta
803 3713 1039 3793 sehabuerunt;
1061 3732 1124 3779 non
1136 3713 1212 3796 uurlli
1222 3712 1321 3778 eciam

176 3815 322 3897 reliquias
343 3816 392 3882 uel
404 3815 473 3899 (10)
481 3820 590 3881 cetera
610 3816 723 3882 similia
744 3818 828 3900 apud
845 3836 879 3883 se
892 3821 929 3881 ut
942 3817 1056 3898 legitur
1068 3817 1159 3884 hunius
1168 3817 1214 3882 rei
1227 3835 1322 3927 cauma

243 3986 277 4054 (¹)
298 3989 545 4050 JMattramento.
570 3990 637 4050 Oor.
667 3991 710 4063 II,
732 3995 768 4065 3,
799 3996 828 4052 3.
850 3994 924 4054 Mox
946 3994 1052 4053 00er
1065 3997 1255 4069 conscriptum
1276 4026 1321 4036 -

177 4071 212 4140 (2)
234 4070 519 4152 Lsagwiueis—(3)
541 4075 651 4135 ΒΕΜΡ
662 4076 850 4138 indelebiliter
880 4079 901 4139 J
913 4078 1210 4145 inviolabiliter—etl)
1233 4078 1320 4139 ΑΒΜ

176 4162 270 4235 ipsum
302 4195 346 4205 -
375 4157 408 4224 (5)
436 4161 487 4221 HJ
501 4165 637 4238 ymitare3
659 4179 731 4225 moa
752 4164 929 4225 Adeberent
955 4198 1001 4211 —
1029 4162 1063 4230 (6)
1093 4169 1147 4226 DP
1158 4171 1186 4226 in
1208 4168 1320 4244 signum

175 4245 243 4305 illuc
288 4247 380 4306 CHin
398 4250 513 4324 signum
550 4247 754 4322 prssffluc—
777 4246 810 4315 (7)
832 4252 1052 4312 BFrenovavit.
1075 4253 1212 4313 Macbab.
1233 4253 1321 4326 Ι,14,

175 4332 233 4403 24,-
253 4347 324 4392 moc
346 4333 394 4391 ΟΡ
415 4333 473 4393 Sed
496 4340 525 4393 et
551 4333 605 4392 DF
627 4334 704 4411 litgo
727 4332 853 4400 et—(S)
876 4335 1321 4404 obsecundarunt-ibam

174 4414 230 4474 sibi
252 4415 380 4476 diversas
400 4451 444 4461 —
466 4414 518 4482 (10)
539 4419 630 4478 Daut
672 4419 730 4477 LM
744 4427 772 4479 et
