3000 5196
223 387 290 447 200

227 519 346 602 speeies
375 521 407 581 et
436 515 477 580 ad
504 515 671 580 videndum
700 513 912 592 delectabiles,
943 511 1100 593 abilesque
1128 511 1171 577 ad
1198 509 1378 589 amandum,

184 693 188 702 ,
226 623 323 690 conis
343 621 457 685 mentis
479 619 528 684 vel
552 619 650 684 eciam
673 617 811 700 corporis
832 635 896 682 uon
925 633 1094 696 numquam
1127 614 1211 679 ultro
1239 633 1274 680 se
1301 612 1392 682 offo.

204 731 311 814 runt,
333 725 435 790 subito
456 723 515 787 hec
535 723 630 787 verba
645 722 730 788 cordi
739 720 871 805 meo(l)
882 720 967 787 clara
986 736 1074 799 voce,
1094 719 1152 784 sed
1166 719 1296 783 mentali
1303 719 1380 783 sub-

227 830 376 910 iungumt:
405 827 474 909 Eya
502 825 621 908 respice
650 829 682 889 et
703 824 914 890 animadverte
943 841 1037 904 quam
1065 821 1219 887 formosus
1248 825 1296 886 est
1324 821 1380 886 ille

224 932 282 1013 qui
303 949 354 995 me
374 929 542 995 formosam
564 930 689 993 creavit.
717 928 793 1006 Quis
813 928 866 992 ille
887 926 1010 1008 inquis?
1039 924 1131 990 Certe
1151 924 1379 1007 pulcherrimus

221 1036 304 1118 ipse.
337 1035 479 1115 Denique
500 1034 705 1099 meditacione
723 1033 845 1097 curiosa
858 1031 957 1096 celum
968 1031 1160 1112 perambulo,
1183 1030 1381 1094 circueoter-

119 1206 122 1215 ,
230 1156 315 1218 ram,
337 1138 444 1220 polum
466 1137 601 1202 micum
620 1139 761 1216 intueor,
784 1140 962 1218 perscrutor
982 1136 1081 1205 maris
1098 1135 1252 1216 abyssum.
1270 1133 1380 1197 -Mun-

201 1321 203 1325 Ι
230 1242 304 1307 dum
325 1241 407 1306 hunc
429 1259 499 1306 cum
521 1241 584 1307 suis
607 1241 865 1306 oblectacionibus
888 1239 1058 1318 considero,
1084 1256 1212 1303 nemora
1232 1236 1380 1302 foliorum

128 1356 146 1367 *
221 1345 384 1412 viriditate
406 1345 571 1426 conspicua
593 1345 749 1423 ammiror,
772 1349 864 1426 prata
884 1344 1019 1408 virencia
1035 1332 1222 1407 ‘aclloribus
1236 1341 1380 1406 multico-

223 1451 347 1516 loribus
368 1453 535 1532 peremata
558 1449 744 1531 conplector.
778 1434 915 1515 Transeo
939 1466 1073 1528 campos
1095 1451 1217 1511 montes
1231 1445 1379 1524 ascendo,

222 1551 545 1636 transilio(2)colles‚
568 1553 663 1616 valles
685 1571 851 1633 pereurr03
876 1557 907 1616 et
921 1571 999 1616 -cum
1021 1551 1124 1616 omnia
1153 1550 1323 1628 considero,
1348 1552 1381 1612 et

83 1716 85 1720 ,
231 1656 353 1738 singula
373 1657 514 1734 intueor,
543 1656 636 1720 velud
658 1655 740 1719 dulci
762 1656 895 1736 quadam
918 1655 1073 1733 armonia,
1101 1654 1159 1718 hec
1180 1653 1284 1718 omnia
1305 1671 1381 1717 con-

106 1775 110 1780 ·
224 1764 321 1825 centu
342 1759 433 1841 parili
455 1777 508 1823 cor
529 1777 632 1824 meum
654 1760 826 1824 accendunt
847 1759 880 1823 in
901 1758 1025 1822 laudem
1038 1757 1194 1821 creatoris.
1226 1755 1303 1820 Cum
1323 1775 1380 1820 au·

226 1869 291 1929 tem
314 1863 527 1945 speculacione
549 1864 655 1944 quieta
676 1858 1022 1943 diligenter”considero
1053 1879 1148 1943 quam
1173 1860 1382 1943 pulcherrime

226 1963 259 2032 et
284 1969 400 2051 optime
423 1966 450 2031 0
472 1971 508 2030 tu
530 1967 633 2031 divina
654 1967 810 2047 sapiencia
833 1969 944 2030 mmcta
966 1971 1080 2044 creata,
1102 1965 1185 2030 bona
1208 1965 1327 2046 pariter
1349 1968 1383 2028 et

228 2071 428 2150 mala-iusta
450 2076 482 2135 et
503 2071 618 2136 iniusta
641 2071 774 2149 ordinas,
795 2071 841 2134 ita
862 2075 898 2134 ut
919 2070 1027 2134 intuo
1050 2069 1192 2147 universo
1218 2068 1312 2143 nichil
1333 2069 1382 2131 iu·

230 2175 409 2241 ordinatum
431 2175 588 2257 relinquas
600 2174 666 2257 (3),
697 2175 749 2256 qui
778 2174 930 2238 facturam
958 2179 1044 2237 tuam
1066 2173 1177 2245 insua
1198 2171 1382 2254 operacione

231 2280 336 2345 taliter
357 2278 505 2360 disponis
525 2282 562 2342 ut
583 2279 653 2356 eius¹
671 2297 709 2342 ex
731 2279 900 2359 sagacitate
925 2296 1003 2358 opus
1024 2279 1319 2345 natureoenseatur
1330 2273 1381 2357 (4)

232 2382 459 2471 quodammodo
483 2366 560 2464 opus
582 2382 802 2462 intelligencie;
833 2383 886 2462 qui
915 2381 1008 2462 certis
1036 2381 1153 2460 legibus
1183 2383 1294 2443 crmcta
1315 2378 1382 2443 vul·

232 2486 313 2564 lasti,
336 2490 368 2550 et
389 2486 537 2550 terminos
551 2486 679 2566 singulis
701 2483 880 2568 inposuisti3
903 2485 956 2566 qui
978 2502 1046 2548 cum
1069 2483 1383 2564 magnamverencia

233 2589 369 2670 disponis
392 2607 464 2654 nos:
488 2589 687 2653 vehementer
709 2591 846 2653 exultare
867 2588 990 2670 incipio,
1013 2592 1045 2651 et
1065 2605 1140 2652 voce
1151 2585 1392 2667 gratulabunda·

233 2712 435 2775 prorumpere
458 2711 551 2772 cogor
571 2694 604 2756 in
626 2692 682 2756 hee
703 2693 834 2761 ·verba:,
855 2692 959 2783 Opera
983 2692 1099 2757 domini
1127 2691 1271 2755 universa
1298 2690 1382 2754 bone

233 2798 332 2862 valde.
365 2796 463 2860 Porro
486 2795 635 2859 cum-hec
657 2796 761 2863 omnia
781 2796 963 2877 supergredi
983 2797 1106 2876 incipio,
1130 2799 1161 2858 et
1182 2799 1382 2885 tesummum

235 2900 367 2976 bonum,
397 2899 567 2962 increatam
596 2902 627 2961 et
657 2903 796 2967 eternam
823 2900 1011 2980 sapiendam
1032 2917 1088 2981 pre
1111 2898 1228 2962 cunctis
1241 2898 1381 2960 electam

235 3002 335 3066 cordis
357 3001 418 3078 mei
439 3002 562 3064 unicam
584 3018 652 3066 esse
673 3020 822 3082 sponsam
842 3007 874 3067 et
896 3004 1026 3068 amicam
1047 2988 1200 3083 recogito:
1230 3020 1287 3083 pre
1314 3005 1344 3065 st
1367 3035 1382 3047 -

234 3122 311 3185 pore
333 3109 365 3168 et
387 3092 507 3172 exthasi
527 3104 611 3168 ultra
630 3097 774 3185 spiritum
795 3125 858 3170 non
879 3107 988 3184 habeo,
1011 3107 1067 3170 sed
1089 3110 1173 3170 totus
1190 3105 1234 3195 ¹in
1255 3122 1306 3175 me
1327 3103 1382 3168 de-

234 3206 349 3286 ficiens,
372 3209 404 3272 in
426 3213 457 3272 te
478 3208 685 3273 vehementer·
699 3210 812 3275 exulto.
846 3210 914 3293 Eya
936 3206 1014 3293 ergo
1033 3210 1157 3279 domine
1177 3216 1239 3291 my,
1262 3207 1382 3289 respice

234 3330 317 3376 nunc
337 3312 517 3394 precipuum
540 3312 640 3377 cordis
663 3313 723 3376 mei
745 3313 898 3392 affectum,
922 3320 954 3378 et
976 3315 1051 3378 doce
1074 3304 1326 3390 melsudarete,
1350 3315 1384 3375 et

235 3415 407 3497 glorificare
428 3426 541 3481 nomen
562 3421 650 3480 tuum
673 3417 850 3498 gloriosum,
874 3417 1027 3501 quiahoc
1049 3421 1097 3482 est
1119 3416 1202 3498 quod
1223 3433 1279 3505 pre
1290 3418 1384 3480 cunc·

236 3521 277 3586 tis
298 3520 405 3585 mundi
426 3519 518 3585 huius
539 3521 660 3601 gaudiis
682 3527 795 3603 appeto
818 3526 850 3585 et
860 3504 993 3602 requiro.
1024 3519 1260 3586 SAPIENOIA:
1283 3518 1383 3582 Num·

237 3625 312 3705 quid
331 3643 553 3701 neamorosus
574 3625 728 3707 sapiencie
750 3625 916 3707 discipulus
937 3626 1066 3689 laudare
1089 3625 1174 3706 cupit
1195 3632 1283 3688 suam
1305 3623 1383 3687 ami-

238 3729 367 3811 cam(5)
379 3733 518 3792 eternam
540 3729 749 3810 sapienciam?
781 3727 1041 3793 DISCIPULUS:
1073 3728 1099 3793 0
1123 3729 1198 3793 deus
1220 3718 1326 3792 eterne
1337 3731 1386 3791 ·ut

238 3831 313 3910 quid
335 3829 444 3911 affligis
467 3833 563 3913 gratis
586 3819 826 3913 animum(6)te
844 3832 1018 3914 diligentis?
1048 3831 1129 3909 Quid
1144 3832 1246 3914 queris
1261 3831 1300 3896 de
1311 3849 1384 3912 cog-

238 3933 332 3999 ntis?
352 3933 397 3998 ut
417 3934 493 4016 qun
504 3933 661 4016 pronam
672 3934 1102 4018 animum(7)angustiantis?
1122 3914 1384 4003 nomine-dom-

238 4037 291 4101 nia
318 4037 410 4102 nosti.
452 4037 500 4101 Tu
529 4037 587 4101 scis
617 4037 691 4118 quia
712 4035 774 4101 hoe
798 4055 835 4101 ex
864 4040 972 4106 intimo
1003 4040 1095 4106 corde
1117 4059 1136 4104 a
1156 4039 1293 4122 puericia
1313 4057 1384 4103 mea

238 4158 362 4223 semper
384 4140 564 4219 desideravi,
587 4145 619 4204 et
640 4130 1045 4225 votisomnibuseuquisivi.
1075 4143 1311 4208 SAPIENOIA:
1333 4144 1384 4207 An

281 4259 340 4327 -(1)
363 4264 416 4323 DF
432 4265 495 4323 odd
513 4280 572 4322 non
599 4295 643 4309 -
672 4257 939 4328 (tl-cetranssueo
967 4300 1011 4310 -
1034 4263 1068 4330 13)
1090 4265 1165 4324 HJL
1177 4264 1311 4339 relinquis
1339 4299 1383 4308 —

207 4345 210 4351 '
240 4340 275 4407 (4)
297 4349 376 4407 BCD
388 4351 547 4426 senciateu3
561 4367 632 4410 moa
643 4349 671 4409 D
683 4349 926 4428 quemadmodum
935 4385 980 4395 -
991 4346 1025 4414 (⁵)
1036 4349 1145 4408 ODHB
1156 4351 1278 4410 amicam
1300 4368 1382 4411 snam

239 4462 284 4472 -
305 4426 342 4494 (6)
366 4434 415 4490 BL
426 4438 551 4495 animam
572 4469 615 4479 -
638 4434 672 4501 17)
693 4438 880 4498 BPanimam
