3232 5130
1311 357 1375 418 ’57

152 467 157 474 ’
232 487 389 567 stitissem,
412 491 443 551 et
465 486 632 568 quidnam
654 485 787 552 facerem
804 487 840 573 ‚in
862 487 965 553 animo
986 505 1056 552 meo
1078 487 1261 553 hesitarem:
1278 491 1376 557 ¹Ecce

232 592 323 658 flores
351 591 588 675 humanati(l),
619 610 696 673 quos
723 591 841 656 vernali
869 592 1049 656 amenitate·
1074 592 1201 658 decoros
1236 593 1376 660 videram

233 701 266 760 et
286 693 427 760 recenter
436 684 535 760 virere
547 694 595 778 (2)
608 713 836 776 conspexeram,
859 695 961 760 subito
983 693 1320 777 arelactideciderunt,
1342 678 1400 764 ¹et'
1477 715 1481 722 ·

234 800 327 864 decor
347 800 445 864 omnis
467 799 621 880 perierat:
646 797 740 864 Curius
762 800 899 864 novitate
921 800 1046 864 visionis
1068 799 1268 882 stupefactum,
1284 790 1340 885 et(
1362 801 1375 884 )

233 903 264 966 in
287 921 337 967 me
358 911 510 983 reversus
534 904 600 984 cepi
622 903 761 968 deierare
773 904 821 986 (4)
834 903 917 984 quod
933 904 1051 967 nullum
1066 903 1240 970 ardoribus
1254 905 1377 970 cadulcis
1397 904 1400 909 ’

210 1070 214 1078 ,
233 1007 344 1072 vellem
366 1008 520 1086 adamare,
544 1026 620 1088 quos
642 1012 708 1071 tam
729 1003 815 1071 brevi
837 1012 976 1088 tempore
987 1007 1098 1073 florere
1112 1013 1144 1072 et
1156 1026 1194 1071 ex
1207 1009 1315 1091 timplo
1327 1008 1376 1092 (5)

234 1128 322 1174 arere
345 1128 573 1192 conspexeram.
616 1098 756 1196 Quadam
771 1111 881 1191 'igitur
907 1112 957 1175 die
980 1111 1053 1175 dum
1075 1111 1194 1176 animus
1222 1112 1377 1193 inquietus

235 1214 471 1296 circumquaque
493 1215 644 1295 aspiceret
654 1213 715 1296 (6),
739 1219 771 1278 et
791 1214 883 1279 velud
904 1215 1057 1297 hynnulus
1079 1215 1258 1280 umbrosum
1274 1215 1378 1279 locum

234 1322 356 1399 peteret
377 1318 417 1382 ad
440 1318 676 1399 quiescendum,
698 1316 851 1382 fervorem
867 1319 1029 1390 ,declinans
1051 1319 1270 1384 meridianum:
1296 1319 1378 1385 Ecce
1425 1328 1427 1339 '
1475 1368 1482 1372 -

235 1423 378 1502 eregione
388 1422 420 1485 iu
431 1423 558 1486 summis
571 1421 760 1502 excelsisque
770 1423 935 1510 verticibus
944 1425 1091 1504 apparuit
1108 1425 1196 1506 quasi
1209 1422 1265 1489 flos
1278 1422 1379 1504 campi

234 1526 416 1607 conspicuus
428 1529 460 1589 et
476 1525 692 1590 adridendum
703 1525 901 1606 delectabilis,
918 1526 1119 1608 omnibusque
1133 1545 1210 1613 quos
1225 1531 1317 1591 antea
1328 1524 1378 1609 (7)

233 1632 371 1696 videram
393 1628 519 1695 floribus
539 1629 811 1711 inconparabiliter
830 1630 988 1712 pulchrior
1009 1618 1189 1713 apparebat.
1222 1631 1272 1696 Ad
1286 1647 1379 1711 quem
1463 1624 1466 1679 f

233 1733 400 1826 videndum
423 1752 495 1798 cum>
502 1733 713 1799 festinassem:
735 1733 816 1813 Ecce
827 1735 930 1802 subito
946 1735 1116 1800 inmutatus
1126 1754 1189 1799 nou
1200 1734 1378 1816 conparuit3

234 1839 290 1903 sed
313 1839 401 1921 quasi
424 1838 483 1902 dea
503 1839 602 1903 tocius
613 1837 849 1919 pulchritudinis
863 1843 936 1902 ante
955 1857 1006 1903 me
1019 1840 1115 1922 stetit,
1129 1858 1190 1920 que
1203 1838 1295 1904 velud
1307 1855 1380 1903 rosa

234 1942 347 2008 rubeus
370 1947 402 2006 et
425 1943 557 2007 candore
579 1943 668 2013 niveo
691 1941 855 2023 refulgens,
878 1942 944 2007 sole
966 1943 1077 2008 clarius
1098 1943 1255 2021 rutilabat,
1274 1943 1380 2008 etele-

236 2046 308 2127 quia
328 2045 563 2128 pulchritudinis
586 2031 690 2110 dabat.
724 2045 791 2124 Hoc
812 2051 992 2111 ormctorum
1013 2048 1046 2110 in
1068 2066 1102 2111 se
1117 2065 1269 2111 summam
1291 2032 1395 2126 opta?

234 2151 341 2227 bilium
362 2148 536 2229 perferebat
545 2149 606 2235 (8),
630 2148 786 2228 odoreque
808 2149 989 2235 suavissimo
1012 2148 1201 2213 admodum
1228 2147 1381 2228 panthere

220 2253 327 2332 ‚longe
348 2253 472 2332 lateque
484 2250 594 2316 diffuso
611 2251 848 2332 circumquaque
863 2251 904 2314 ad
918 2269 1055 2315 amorem
1069 2270 1159 2315 suum
1177 2255 1302 2315 cunctos
1316 2244 1380 2314 tra·

235 2354 344 2434 hebat,
374 2373 510 2435 voceque
532 2341 708 2419 dulcissima
729 2355 773 2418 sic
795 2353 931 2417 dicebat:
962 2353 1104 2418 Transito
1133 2354 1174 2418 ad
1201 2372 1252 2417 me
1274 2373 1380 2420 omncs

239 2449 292 2540 qui
314 2459 526 2540 concupiscitis
547 2476 607 2537 me,
631 2461 663 2523 et
685 2457 971 2538 ageneracionibus
983 2459 1060 2524 meis
1074 2459 1282 2540 adinplemini.
1312 2459 1380 2541 Ego

232 2568 338 2628 mater
350 2563 478 2645 pulchre
492 2561 669 2645 dileccionis
681 2567 713 2627 et
722 2563 842 2628 timoris
857 2566 889 2627 et
898 2563 1068 2656 'agricionis
1083 2568 1114 2628 et
1128 2567 1234 2629 sancte
1247 2563 1334 2647 spei(
1356 2563 1381 2646 ).

229 2667 355 2746 Quibus
375 2668 490 2752 ‚auditis
512 2667 585 2732 steti
606 2667 765 2746 attonitus,
789 2665 918 2749 fixisque
939 2667 1035 2732 oculis
1053 2667 1093 2731 ad
1106 2667 1176 2750 (10)
1189 2671 1304 2731 terram
1327 2667 1382 2732 ob-
1448 2701 1451 2708 ·

239 2773 347 2837 mutui.
391 2773 506 2854 Stupor
535 2772 624 2835 enim.
643 2770 885 2836 circumdederat
905 2789 962 2835 me
978 2771 1017 2835 de
1038 2775 1125 2836 tante
1146 2770 1383 2853 pulchritudinis

239 2877 444 2955 inmensitate,
464 2881 500 2940 ut
513 2875 637 2940 omuino
651 2875 838 2956 respondere
850 2875 920 2958 (ιί)
931 2894 995 2941 nou
1007 2879 1140 2957 possem.
1171 2874 1237 2953 Que
1251 2875 1383 2942 demeu-
1407 2896 1409 2900 ’

142 3016 145 3023 ·
239 2984 288 3050 ter
309 3000 435 3044 manum
457 2981 624 3044 extendens
648 2964 824 3070 cerneum
845 2979 957 3060 tetigit,
986 2982 1018 3047 et
1039 2979 1289 3061 adloquendum
1310 2998 1397 3056 con<

239 3083 374 3150 lortavit.
407 3086 593 3167 Apertisque
616 3075 717 3149 oculis
732 3084 765 3148 in
786 3102 855 3148 eam
875 3084 1035 3149 curiosius
1048 3084 1254 3163 intendebam,
1278 3087 1311 3148 et
1326 3083 1384 3149 hec

240 3189 352 3254 tacitus
373 3190 405 3254 in
428 3190 520 3254 corde
542 3208 611 3253 meo
633 3188 809 3253 volvebam:
832 3187 903 3272 Nou
925 3182 973 3253 est
995 3187 1066 3257 huic
1088 3188 1194 3253 similis
1212 3206 1306 3269 super
1320 3191 1383 3251 ter·

240 3312 317 3373 ram,
340 3295 371 3357 iu
394 3298 532 3381 aspectu,
553 3294 585 3357 in
607 3292 845 3374 pulchritudine,
861 3297 901 3356 »et
921 3293 954 3356 in
976 3311 1068 3357 sensu
1090 3293 1264 3357 verborum.
1297 3291 1385 3354 Dixi-

241 3416 301 3479 que
312 3398 394 3462 intra
406 3416 473 3462 me:
489 3398 570 3463 Ecce
585 3415 657 3462 vere
671 3398 798 3480 abyssus
814 3397 937 3475 amoris
952 3396 1192 3477 abyssumirunc
1204 3394 1326 3479 reperi(
1331 3392 1383 3475 12)

240 3500 338 3581 tocius
360 3501 605 3582 pulchritudinis,
629 3501 701 3582 quia
719 3500 802 3582 quod
817 3500 869 3563 diu
884 3499 1011 3580 quesistl
1026 3500 1108 3568 nunc
1121 3497 1273 3575 invenisti,
1296 3496 1391 3576 quin-¹
1413 3558 1415 3561 ,
1471 3562 1472 3565 ,

241 3623 344 3686 ymmo
372 3604 456 3667 ultra
484 3623 577 3686 quam
607 3605 743 3685 cogitare
764 3602 892 3684 potuisti
913 3601 1057 3682 reperisti
1069 3600 1149 3683 (1.3).
1185 3600 1385 3680 Sicquetan-

242 3708 313 3772 dem
335 3708 376 3772 ad
398 3726 466 3772 eam
489 3727 662 3786 conversus,
687 3707 787 3772 cordis
808 3706 841 3769 in
862 3704 956 3768 iubilo
971 3704 1034 3768 dixi
1056 3700 1243 3771 clara'voce:
1267 3703 1293 3768 0
1315 3702 1385 3784 pul·

243 3812 394 3877 cherrima
416 3813 514 3876 tocius
536 3811 744 3876 universitatis
767 3809 908 3874 omnium
918 3813 1138 3894 creaturarum,
1157 3826 1217 3889 que
1231 3826 1269 3871 ex
1282 3807 1385 3901 animo

308 3985 350 4054 (1)
370 3989 472 4048 CDFP
491 3989 666 4046 humanati
688 3982 790 4054 ,-·(ἳ)
820 3986 958 4046 Avivere
1003 3985 1093 4044 crin
1123 4003 1191 4044 vere
1218 4018 1263 4028 -
1291 3977 1327 4048 (3)
1357 3986 1386 4042 ei
1459 3956 1460 3962 ¹

156 4083 159 4085 ’
241 4086 292 4134 om
315 4078 396 4135 ADF
418 4110 462 4120 —
484 4070 520 4139 (4)
544 4075 776 4150 DFPdeuegare
807 4075 829 4132 L
843 4072 999 4132 deliberare
1020 4106 1064 4114 —
1087 4065 1122 4135 (5)
1146 4073 1298 4146 extemplo.
1321 4068 1388 4137 ΒΚ

243 4171 413 4222 mortomar
435 4181 469 4222 ex
492 4161 601 4238 tymplo
629 4195 674 4204 -
702 4156 738 4225 (6)
762 4161 970 4236 Drospiceret.
985 4193 1029 4202 -
1060 4154 1096 4222 (1)
1126 4157 1314 4217 ACDPauts
1328 4162 1387 4202 Ἀ

247 4244 283 4313 (8)
307 4249 442 4309 AFGJM
454 4249 614 4325 prcicrcbat
659 4247 706 4306 OE
718 4247 881 4323 proferebat
901 4280 945 4290 -
968 4241 1004 4309 (9)
1023 4246 1116 4303 *Ecclt
1138 4249 1187 4317 24,
1210 4247 1263 4303 26..
1282 4247 1386 4303 ide-'-

247 4331 300 4398 (10)
323 4337 416 4395 DPin
438 4370 481 4378 -
505 4330 557 4400 (11)
583 4336 634 4394 DF
647 4331 796 4394 videre'-
818 4329 872 4399 (12)
896 4333 979 4392 CGll
991 4334 1094 4407 reperit
1138 4331 1196 4390 EM
1208 4332 1386 4408 reperisti-

247 4417 300 4486 (13)
323 4422 372 4516 AJ
383 4421 516 4481 invenisti
1421 4458 1426 4465 ,
