3232 5130
1315 359 1374 420 151

199 539 204 544 .
238 485 319 567 nigri
341 485 489 569 ethyopes
511 486 657 553 demones
679 487 820 553 ludentes
842 489 1007 568 saltabant,
1031 493 1062 553 et
1083 489 1127 555 eis
1142 488 1309 555 kathedrae
1322 488 1378 554 ho·

238 590 323 654 noris
344 590 478 654 crebrius
499 590 722 671 proponebant.
757 592 946 670 Quibusdam
973 611 1084 656 aurum
1105 597 1138 657 et
1162 597 1325 674 argentum
1346 597 1379 658 et
1467 668 1472 674 ,

237 694 318 758 latas
339 694 548 775 possessiones
571 695 784 760 ostendebant.
819 687 1009 774 Quibusdam
1036 715 1109 762 vero
1130 696 1223 778 longa
1244 702 1276 761 et
1296 696 1378 761 colo-
1437 697 1439 701 ’

237 796 390 880 rueram)
402 799 496 880 palha
517 799 701 878 induebant,
728 804 759 863 et
781 799 912 864 almucia
934 800 1065 865 delicata
1086 801 1179 883 capiti
1199 818 1306 866 eorum
1327 817 1378 864 su-

238 906 454 983 perponentes,
477 902 645 984 procedere
667 921 719 968 eos
741 904 840 983 gradu
862 903 1028 968 ambicioso
1049 903 1210 968 faciebant.
1245 903 1304 982 Qui
1324 903 1378 983 oh-

239 1006 331 1070 ducto
344 1005 392 1088 (⁶2)
404 1007 575 1088 supercilio,
599 1007 747 1071 attonitos
769 1006 918 1098 habentes
941 1007 1044 1072 oculos
1056 1007 1115 1090 (3),
1138 1012 1231 1090 caput
1252 1025 1378 1072 moven-

238 1112 286 1172 tes
308 1127 344 1173 ac
367 1109 479 1190 digitos
501 1111 711 1188 extendentes,
733 1110 920 1190 sapienciam
942 1128 1030 1174 suam
1052 1111 1168 1193 cunctis
1191 1107 1378 1174 transeunti*

237 1211 311 1291 bus,
335 1211 438 1276 buccis
450 1210 498 1294 (4)
511 1214 706 1293 crepantibus
729 1218 886 1278 ostentare
908 1213 1092 1278 ambiebant.
1126 1213 1236 1295 Sicque
1257 1213 1379 1295 sapien·

238 1315 316 1379 ciam
338 1316 512 1395 studentes,
541 1321 586 1380 et=
602 1316 783 1398 insipienter
803 1317 957 1395 viventes,
970 1369 972 1375 .
987 1316 1025 1381 ab
1052 1317 1182 1382 inimicis
1210 1317 1318 1382 callide
1329 1317 1378 1400 (5)

239 1419 471 1484 deludebantur.
500 1419 640 1501 Eratque
651 1420 787 1503 omnium
797 1421 928 1484 istorum
938 1439 1017 1485 unus
1029 1420 1117 1485 labor
1130 1424 1163 1484 et
1174 1421 1319 1501 intencio,
1329 1420 1377 1503 (6)

238 1515 406 1586 ascendere
429 1526 460 1586 et
482 1533 642 1604 apparere.
676 1521 757 1587 Nam
780 1527 811 1587 et
833 1524 871 1587 ob
893 1523 974 1596 hanc
995 1541 1120 1587 causam
1142 1524 1333 1589 solummodo
1346 1525 1379 1588 in

237 1627 339 1691 studio
360 1612 552 1705 laborabant,
575 1631 611 1690 ut
631 1628 829 1707 postmodmn
851 1627 983 1691 maiores
1004 1627 1163 1691 libertates
1177 1627 1379 1709 adperagen-
1430 1660 1438 1668 ·

238 1727 526 1811 dam(7)corporis,
543 1748 647 1794 curam
669 1731 702 1794 in
724 1730 882 1796 desideriis
904 1729 1027 1811 assequi
1046 1735 1183 1811 possent,
1206 1735 1238 1794 et
1249 1729 1396 1805 facultas

236 1835 300 1895 tem
322 1830 453 1898 faciendi
475 1851 534 1914 que
547 1833 595 1917 (8)
607 1834 721 1898 vellent
742 1833 923 1914 amphorem
945 1834 1011 1898 sine
1029 1834 1272 1899 contradiccione
1284 1834 1380 1900 habe·
1414 1829 1417 1832 ⁴

236 1939 316 1999 rent.
349 1934 485 2000 Leonem
507 1937 620 2018 quippe
642 1938 815 2018 rugientem
823 1938 908 2018 xxquis
939 1938 1054 2002 audeat
1080 1937 1270 2019 provocare?
1301 1937 1378 2018 Rem

237 2039 411 2103 mirandam
433 2039 599 2120 discipulus
621 2041 659 2104 in*
674 2040 733 2104 hac
753 2042 912 2106 mansione
934 2032 1082 2120 advertit,
1106 2046 1138 2104 et
1158 2042 1223 2106 risu
1244 2040 1377 2122 dignam.
1407 2051 1408 2055 ’

237 2142 319 2206 Nam
340 2141 447 2206 celitus
470 2141 596 2221 delapsa
618 2144 706 2221 quasi
726 2142 791 2222 pila
811 2148 959 2224 argentea
980 2144 1061 2207 inter
1082 2161 1134 2207 eos
1155 2141 1306 2222 currebat,
1319 2158 1379 2224 que

237 2265 276 2310 ex
297 2263 354 2310 sua
374 2243 601 2326 pulchritudine
624 2249 655 2308 et
676 2245 875 2325 preciositate
894 2246 1030 2309 omnium
1043 2246 1074 2308 in
1089 2263 1123 2309 se
1135 2249 1293 2326 aspectum
1306 2264 1378 2326 pro-

238 2349 377 2428 vocabat,
401 2365 461 2428 que
483 2348 521 2411 ab
545 2348 685 2412 omnibus
706 2347 869 2412 amabatur
890 2352 922 2411 et
943 2348 1191 2427 desiderabatur,
1220 2347 1380 2430 quia'ipsa

238 2471 273 2518 se
293 2452 476 2517 habentibus
496 2451 626 2532 gloriam
648 2455 681 2514 et
701 2432 856 2516 honorem'
864 2451 1035 2532 prestabat.
1057 2450 1147 2516 Hanc
1164 2451 1238 2517 dum
1252 2451 1377 2533 quidam
1440 2492 1442 2495 .

237 2558 319 2620 inter
339 2559 459 2621 ceteros
481 2559 514 2619 et
534 2571 628 2636 super
649 2558 768 2619 ceteros
790 2554 1067 2644 doctor-egregiis
1080 2554 1171 2638 (a)in
1199 2573 1294 2619 manu
1321 2549 1377 2621 ha·
1464 2592 1474 2604 ·

237 2661 338 2739 beret,
362 2663 394 2723 et
415 2677 453 2722 ex
474 2658 533 2723 hoc
554 2676 612 2740 per
633 2663 734 2722 totum
755 2658 904 2722 mundum
926 2663 1066 2738 sonaret,
1092 2659 1218 2740 eiusque
1239 2659 1380 2724 doctrina

237 2762 450 2844 singulariter,
481 2761 560 2826 sicut
580 2779 652 2826 rosa
674 2763 740 2826 sine
761 2762 867 2842 spina,
899 2765 931 2826 et
952 2761 999 2826 sol
1022 2763 1138 2843 absque
1159 2762 1241 2826 nube
1260 2761 1378 2842 preda-

236 2868 356 2933 rissime
378 2867 536 2930 rutilaret:
559 2864 649 2929 multi
669 2865 729 2930 hoc
750 2866 889 2933 videntes
911 2869 944 2930 et
956 2864 1137 2945 invidentes,
1159 2848 1217 2957 sihi
1229 2866 1323 2948 pilam
1339 2865 1378 2930 de
1506 2944 1508 2949 Α

236 2989 331 3036 manu
353 2969 474 3034 auferre
495 2969 594 3034 modis
618 2969 727 3050 quibus
749 2973 894 3051 poterant
915 2956 1152 3055 attemptabant,
1175 2974 1208 3034 et
1228 2988 1310 3034 nunc
1328 2987 1378 3036 sa·

236 3074 331 3154 gittas
353 3077 460 3137 acutas
473 3072 542 3156 (10)
554 3091 636 3138 nunc
650 3073 768 3155 lapides
782 3073 883 3165 duros¹
889 3074 1045 3153 iacientes,
1061 3073 1155 3138 nichil
1167 3072 1376 3155 proficiebant,

237 3176 292 3240 sed
313 3176 426 3238 mirum
447 3175 480 3238 in
501 3176 628 3240 modum
649 3177 681 3239 in
702 3177 811 3258 seipsis
833 3175 1048 3259 affligebantur
1067 3180 1099 3240 et
1110 3177 1244 3258 propriis
1256 3177 1378 3258 sagittis

236 3278 499 3360 percuciebantur.
533 3278 600 3343 Hec
620 3279 684 3361 pila
706 3280 780 3344 dum
806 3282 962 3345 intereos
985 3284 1132 3358 curreret,
1153 3280 1319 3363 studebant
1334 3280 1379 3345 hii

237 3382 289 3462 qui
311 3382 441 3447 aderant
462 3399 525 3446 non
546 3386 612 3445 tarn
633 3383 733 3464 ipsam
756 3382 1014 3464 conprehendere,
1031 3401 1122 3463 quam
1136 3365 1193 3464 pro
1207 3374 1298 3463 poss'e
1309 3401 1378 3448 eam

236 3486 275 3550 de
298 3504 394 3550 mauu
422 3486 548 3550 alterius
576 3485 820 3568 percutere(ll)
833 3490 866 3549 et
885 3503 1013 3567 rapere,
1044 3490 1077 3550 et
1104 3485 1267 3551 ostendere
1294 3484 1379 3566 quod

236 3589 314 3653 alius
336 3589 437 3670 ipsam
458 3609 521 3655 non
542 3590 681 3656 haberet.
714 3591 855 3670 Eamque
875 3584 938 3654 non
959 3593 1025 3652 tam
1037 3589 1255 3671 ‚exphcabant
1284 3606 1378 3671 quam

236 3693 419 3774 quibusdam
447 3693 698 3774 inplicacionibus
725 3692 931 3757 involvebant.
981 3691 1182 3773 Fueramtque
1211 3692 1294 3756 inter
1325 3710 1378 3759 eos

235 3795 433 3878 prochpudor
452 3798 608 3863 mirabiles
630 3797 845 3863 contenciones
867 3797 1016 3862 clamores
1038 3799 1070 3860 et
1090 3795 1325 3862 contrarietates
1338 3797 1379 3862 de

234 3899 293 3965 hac
314 3901 387 3982 pila.
422 3899 489 3965 Hec
501 3900 570 3983 (12)
583 3905 688 3966 autem
709 3901 826 3966 tedium
851 3899 998 3982 magnum
1012 3911 1063 3972 'ac
1091 3899 1318 3981 displicenciam
1344 3900 1378 3966 in

301 4052 334 4139 tl)
356 4057 403 4118 EJ
415 4057 574 4117 collorilera
587 4091 631 4102 -
653 4053 686 4123 (2)
709 4059 866 4135 Beduct03
888 4077 959 4120 moa
979 4058 1181 4135 Hsupercillio
1193 4092 1238 4106 -—
1259 4054 1377 4125 (tl‘loo

216 4147 279 4216 -15,
300 4147 353 4220 125
374 4161 446 4204 moa
467 4142 525 4201 ΑΗ
537 4144 631 4219 capud
651 4158 696 4188 -“-
717 4141 751 4208 (4)
773 4147 949 4206 Ahucis-
971 4140 1005 4210 (5)
1026 4145 1208 4205 Euclide-
1230 4141 1264 4210 (6)
1284 4147 1306 4208 J
1317 4148 1379 4208 add

234 4230 367 4290 videlicet
387 4263 432 4274 -
455 4224 488 4293 (7)
510 4230 562 4289 BP
573 4231 822 4307 peragendum-
844 4228 878 4295 (8)
900 4227 1121 4308 nquit-(⁹)
1143 4235 1285 4293 nimirum
1307 4235 1378 4294 coa

235 4323 283 4374 tor
305 4318 454 4392 angelicus
478 4317 607 4376 Tlcomcc
628 4320 773 4394 Aquinas.
800 4352 844 4363 -
873 4313 925 4383 (10)
946 4317 1108 4394 Mactatur
1137 4351 1181 4367 ·-
1202 4314 1253 4383 (11)
1275 4321 1378 4400 Epor.

232 4407 341 4462 cuttsrc
360 4436 403 4446 -
423 4396 478 4467 (1²)
498 4401 609 4463 ODMP
629 4403 695 4464 Hoc
