3232 5130
141 431 143 438 Ι
230 340 292 400 110

227 473 370 540 cedencia
390 472 464 554 quid
484 469 690 554 respondeam
710 468 834 535 omnino
856 486 919 535 non
931 467 1042 549 liabeo,
1063 466 1124 534 nisi
1136 466 1220 551 quod
1236 466 1367 549 digitum

227 577 275 643 ori
294 594 363 641 meo
384 593 579 658 superpono,
602 577 635 638 et
654 571 857 656 inperfectum
878 590 982 659 meum
1003 576 1057 637 tue
1075 572 1293 653 benignissime
1313 591 1367 636 io·

225 681 340 746 limtati
361 684 394 744 et
414 678 636 762 perfectissime
656 676 812 745 maiestati
833 677 998 742 conmitto:
1021 676 1090 742 Hoc
1110 677 1210 742 solnm
1234 674 1369 742 subinle-

228 774 300 868 reiis
321 784 361 849 de
382 788 437 848 tim
458 784 579 865 gracim
611 783 694 865 quod
715 783 804 848 stulti
824 787 898 848 sunt
918 787 951 849 et
971 780 1150 865 insipienter
1172 781 1369 863 loquentibus

229 888 355 968 similes,
378 887 431 969 qui
453 905 590 952 amorem
611 891 700 951 tuum
721 887 981 970 preciosissimum
1002 891 1035 952 et
1051 905 1188 952 amorem
1202 883 1369 967 mundi(l)

229 992 429 1058 vanissimum
449 990 492 1056 ad
510 991 642 1056 invicem
664 1009 834 1074 conparare
855 995 1019 1074 temptant
1061 990 1142 1055 Nam
1169 989 1262 1055 uelud
1282 990 1370 1070 igno

228 1096 306 1163 biles
327 1095 519 1160 insentibus
542 1112 611 1160 csse
631 1113 688 1176 pro
711 1094 827 1161 deliciis
849 1094 1098 1180 conputant(i);
1127 1112 1197 1159 cum
1227 1099 1259 1159 et
1285 1092 1370 1158 racio

230 1218 340 1277 eorum
360 1217 442 1265 vana
462 1199 512 1279 sit,
536 1216 573 1264 eo
587 1199 671 1280 quod
685 1216 723 1264 cii
736 1199 943 1280 mulb'tudine,
955 1199 1012 1265 tali
1025 1199 1197 1265 econtrario
1208 1197 1268 1282 (3),
1288 1197 1371 1262 bunc

229 1303 346 1370 scilicet
365 1302 516 1368 mundum
538 1301 735 1385 diligenciam
763 1322 901 1370 amorem
929 1303 1026 1386 ipsius
1055 1303 1244 1386 approbare,
1273 1306 1305 1366 et
1332 1319 1371 1366 eii

229 1407 386 1493 paucitate
407 1391 464 1472 tibi
485 1425 590 1473 amore
611 1405 749 1490 perfecto
761 1409 937 1474 iunctorum
951 1425 1088 1475 amorem
1102 1412 1191 1472 tuum
1207 1405 1372 1489 inprobare

229 1513 379 1579 nituntur.
408 1510 599 1578 Prochdolor
613 1513 677 1578 ceci
687 1518 762 1578 sunt
776 1519 808 1578 et
824 1512 918 1581 duces
933 1530 1075 1578 cecorum
1086 1511 1145 1595 (4).
1178 1511 1278 1594 Magis
1289 1511 1373 1576 enim

231 1636 270 1684 ex
289 1615 349 1682 hoc
370 1616 549 1698 oppositum
571 1634 665 1697 quam
685 1612 879 1700 propositum
891 1615 1022 1682 faciliter
1035 1617 1195 1699 probatm,
1214 1616 1287 1681 dum
1300 1632 1374 1680 oon-

230 1725 295 1788 stat
314 1720 547 1786 multitudinem
568 1739 633 1786 uon
653 1722 777 1787 racione
798 1721 881 1802 regi,
909 1719 965 1785 sed
985 1721 1083 1802 magis
1104 1718 1216 1785 affectu
1237 1720 1306 1785 duci
1325 1719 1375 1784 in-

231 1823 383 1890 ordinato.
423 1823 555 1915 Eumae
583 1823 714 1917 proinde
734 1840 785 1888 ma
805 1824 934 1914 nimium
957 1840 1108 1905 cognosco
1130 1830 1162 1888 et
1182 1823 1282 1890 cordis
1303 1841 1377 1888 cum

233 1927 338 1995 dolore
359 1928 513 2011 meipsum
534 1945 657 2007 accuso,
681 1945 718 1993 eo
733 1927 817 2009 quod
830 1927 957 1992 minima
970 1946 1091 2011 queque
1102 1929 1151 2012 (5)
1161 1929 1274 1994 laboris
1287 1945 1379 1992 erier-

232 2032 308 2108 cicia
327 2051 385 2115 pro
407 2032 516 2098 saluto*
529 2031 662 2121 proximi
682 2030 766 2097 facta
787 2031 920 2109 multum
940 2034 1125 2115 ponderavi,
1153 2039 1185 2098 ct
1205 2032 1288 2115 quod
1309 2037 1379 2097 tam

232 2136 389 2219 inpaciens
410 2135 457 2201 fiii
480 2138 513 2202 in
535 2136 684 2212 adversis.
719 2136 746 2202 Ο
768 2153 861 2217 quam
874 2136 1113 2203 misericorditer
1126 2139 1226 2220 parcis
1244 2155 1313 2202 cum
1325 2135 1380 2202 hic

233 2241 365 2321 adversa
384 2241 513 2322 tribuis,
539 2245 571 2306 et
593 2259 686 2323 quam
707 2258 813 2308 severe
833 2241 974 2307 irasceris
996 2260 1065 2308 cum
1084 2261 1207 2326 semper
1227 2259 1380 2326 prospera

233 2346 382 2427 elargiiis.
421 2345 570 2411 Amabilis
599 2345 690 2411 valde
718 2350 766 2411 est
778 2344 826 2429 (6)
837 2350 893 2411 tuo
913 2352 1045 2428 patema
1070 2347 1235 2430 correptio.
1275 2346 1376 2424 Quem

234 2450 315 2516 enim
338 2449 438 2530 diligis
464 2450 607 2531 corripis,
639 2455 671 2514 et
700 2450 788 2531 quasi
816 2450 899 2532 potii
911 2449 1001 2534 (7)in
1030 2448 1093 2516 lilio
1121 2450 1280 2532 conploret
1307 2449 1374 2515 tibi.

234 2537 344 2619 Nullus
367 2557 574 2636 conqueratur
595 2554 679 2635 qnod
699 2557 824 2619 tuorum
846 2554 957 2619 oblitus
970 2555 1013 2619 sis
1034 2555 1259 2620 tribulatorum.
1293 2553 1375 2631 Quin

234 2659 340 2742 pocius
363 2657 516 2723 oblivione
538 2662 647 2721 eterna
667 2657 778 2722 horum
800 2657 912 2722 oblitus
926 2676 959 2722 es
971 2657 1020 2740 (8)
1032 2660 1141 2740 quibus
1155 2677 1237 2724 nunc
1254 2659 1295 2724 ad
1307 2677 1374 2724 mo-

236 2760 338 2831 dicum
360 2761 478 2843 parcis,
506 2761 588 2825 bona
609 2760 741 2841 quedam
766 2760 887 2824 modica
916 2780 1022 2826 eorum
1050 2763 1289 2842 remunerando,
1318 2762 1374 2827 sed

219 2884 292 2931 eos
314 2865 490 2929 insternum
512 2864 681 2945 dampnare
702 2865 763 2944 vie,
793 2881 900 2929 eorum
927 2866 1010 2930 mala
1034 2885 1128 2949 opera
1148 2869 1214 2949 sine
1235 2866 1295 2932 fine
1316 2885 1374 2949 pu·

235 2967 356 3034 niendo.
390 2967 526 3049 Dignum
544 2967 647 3048 igitur
664 2967 755 3033 valde
775 2969 893 3048 estimo,
916 2974 951 3034 ut
964 2969 1014 3036 hic
1027 2972 1214 3038 adversitate
1230 2972 1376 3038 continua

234 3076 424 3154 premantur,
449 3090 526 3152 quos
548 3071 645 3137 tontis
667 3072 797 3137 miseriis
820 3056 923 3138 carere
938 3079 970 3139 et
983 3079 1048 3140 tam
1061 3077 1231 3142 inmensam
1244 3075 1374 3158 gloriam

234 3175 393 3258 possidere
415 3175 586 3242 decrevisti.

568 3470 1034 3526 -ψὴῆψῧοεεμ-

298 3967 331 4038 (1)
354 3975 467 4042 Abhinc
488 3978 605 4052 reliquo
625 3977 713 4038 huius
739 3980 862 4056 capitoli
889 3999 983 4059 cisque
1008 3984 1054 4044 od
1080 3989 1224 4063 sequentis
1252 3985 1374 4060 capitoli

232 4062 324 4121 verbo
353 4063 505 4123 videbatur
539 4065 701 4141 conplacuit
728 4069 944 4129 desiderantur·
961 4076 994 4130 iit
1017 4075 1113 4133 codice
1134 4074 1170 4131 Ε.
1190 4105 1234 4114 -
1256 4067 1372 4135 (2l'Job

233 4150 284 4222 30,
307 4151 334 4207 7.
355 4182 399 4192 —
421 4146 454 4213 (3)
478 4154 644 4227 econtrario,
665 4154 793 4214 inlibris
814 4147 1060 4233 FGMomipccm,
1083 4164 1115 4218 in
1136 4157 1237 4216 BDJL
1249 4158 1373 4233 inferius

234 4243 351 4294 antaei
372 4239 542 4313 lapidea—
557 4235 591 4303 (4)
613 4240 719 4310 Morti.
729 4244 773 4315 15,
788 4247 889 4302 M.—
904 4240 937 4309 (5)
959 4245 1038 4304 ΒΗ]
1049 4262 1217 4321 quoque—
1239 4240 1273 4308 (6)
1296 4242 1373 4302 ABJ
1459 4240 1468 4251 ’

234 4326 277 4378 est
298 4322 396 4400 valda;
419 4342 490 4384 mox
510 4324 794 4387 FJMcorrecoio—
812 4327 845 4395 (⁷)
869 4332 1083 4408 DFJMpater3
1105 4348 1176 4391 mox
1195 4330 1373 4407 Jliconpla·

234 4421 282 4464 ces
304 4408 366 4467 sibi.
391 4411 481 4468 Pron.
504 4413 533 4484 3,
556 4415 598 4470 19.
620 4447 663 4457 —-
686 4410 719 4478 (8)
743 4417 807 4476 Oce.
828 4421 852 4492 l,
875 4422 903 4477 6.
