<?xml version="1.0" encoding="UTF-8"?>
<!DOCTYPE html PUBLIC "-//W3C//DTD XHTML 1.0 Transitional//EN"
    "http://www.w3.org/TR/xhtml1/DTD/xhtml1-transitional.dtd">
<html xmlns="http://www.w3.org/1999/xhtml" xml:lang="en" lang="en">
 <head>
  <title>
</title>
<meta http-equiv="Content-Type" content="text/html;charset=utf-8" />
  <meta name='ocr-system' content='tesseract 3.04.00' />
  <meta name='ocr-capabilities' content='ocr_page ocr_carea ocr_par ocr_line ocrx_word'/>
</head>
<body>
  <div class='ocr_page' id='page_1' title='image "./henricisusoniss00seusgoog_0112.png"; bbox 0 0 3232 5130; ppageno 0'>
   <div class='ocr_carea' id='block_1_1' title="bbox 233 339 294 402">
    <p class='ocr_par' dir='ltr' id='par_1_1' title="bbox 233 339 294 402">
     <span class='ocr_line' id='line_1_1' title="bbox 233 339 294 402; baseline 0 -1"><span class='ocrx_word' id='word_1_1' title='bbox 233 339 294 402; x_wconf 89' lang='grc'>108</span> 
     </span>
    </p>
   </div>
   <div class='ocr_carea' id='block_1_2' title="bbox 135 489 1444 3489">
    <p class='ocr_par' dir='ltr' id='par_1_2' title="bbox 135 489 1444 2238">
     <span class='ocr_line' id='line_1_2' title="bbox 228 489 1370 572; baseline 0 -15"><span class='ocrx_word' id='word_1_2' title='bbox 228 507 266 557; x_wconf 83' lang='lat' dir='ltr'>ue</span> <span class='ocrx_word' id='word_1_3' title='bbox 285 490 411 556; x_wconf 76' lang='lat' dir='ltr'>urbibus</span> <span class='ocrx_word' id='word_1_4' title='bbox 432 491 664 572; x_wconf 71' lang='lat' dir='ltr'><strong>renunciantes,</strong></span> <span class='ocrx_word' id='word_1_5' title='bbox 693 489 847 558; x_wconf 79' lang='lat' dir='ltr'>seculares</span> <span class='ocrx_word' id='word_1_6' title='bbox 876 490 1069 558; x_wconf 76' lang='lat' dir='ltr'><strong>urbanitates</strong></span> <span class='ocrx_word' id='word_1_7' title='bbox 1091 509 1249 558; x_wconf 74' lang='lat' dir='ltr'><strong>resumere</strong></span> <span class='ocrx_word' id='word_1_8' title='bbox 1270 496 1303 557; x_wconf 88' lang='lat' dir='ltr'>et</span> <span class='ocrx_word' id='word_1_9' title='bbox 1323 492 1370 557; x_wconf 93' lang='lat' dir='ltr'>in·</span> 
     </span>
     <span class='ocr_line' id='line_1_3' title="bbox 230 590 1371 679; baseline 0 -17"><span class='ocrx_word' id='word_1_10' title='bbox 230 592 326 662; x_wconf 80' lang='lat' dir='ltr'>cluere</span> <span class='ocrx_word' id='word_1_11' title='bbox 348 598 413 659; x_wconf 82' lang='lat' dir='ltr'>tem</span> <span class='ocrx_word' id='word_1_12' title='bbox 434 593 573 661; x_wconf 89' lang='lat' dir='ltr'>studiose</span> <span class='ocrx_word' id='word_1_13' title='bbox 594 613 689 677; x_wconf 82' lang='lat' dir='ltr'>onam</span> <span class='ocrx_word' id='word_1_14' title='bbox 708 595 879 679; x_wconf 78' lang='lat' dir='ltr'>periculose</span> <span class='ocrx_word' id='word_1_15' title='bbox 900 595 1059 677; x_wconf 87' lang='lat' dir='ltr'>incipiunt,</span> <span class='ocrx_word' id='word_1_16' title='bbox 1081 600 1118 660; x_wconf 90' lang='lat' dir='ltr'>ut</span> <span class='ocrx_word' id='word_1_17' title='bbox 1138 590 1200 660; x_wconf 79' lang='lat' dir='ltr'>idm</span> <span class='ocrx_word' id='word_1_18' title='bbox 1218 595 1371 678; x_wconf 90' lang='lat' dir='ltr'>proehdo-</span> 
     </span>
     <span class='ocr_line' id='line_1_4' title="bbox 228 697 1371 790; baseline -0.001 -25"><span class='ocrx_word' id='word_1_19' title='bbox 228 698 277 766; x_wconf 88' lang='lat' dir='ltr'>lor</span> <span class='ocrx_word' id='word_1_20' title='bbox 297 699 349 764; x_wconf 85' lang='lat' dir='ltr'>vix</span> <span class='ocrx_word' id='word_1_21' title='bbox 367 699 411 764; x_wconf 88' lang='lat' dir='ltr'>sit</span> <span class='ocrx_word' id='word_1_22' title='bbox 430 698 516 765; x_wconf 90' lang='lat' dir='ltr'>locus</span> <span class='ocrx_word' id='word_1_23' title='bbox 539 697 727 781; x_wconf 73' lang='lat' dir='ltr'>diffirgierrdi</span> <span class='ocrx_word' id='word_1_24' title='bbox 751 717 819 764; x_wconf 91' lang='lat' dir='ltr'>cum</span> <span class='ocrx_word' id='word_1_25' title='bbox 834 699 1101 790; x_wconf 75' lang='lat' dir='ltr'>appropinqunnte</span> <span class='ocrx_word' id='word_1_26' title='bbox 1118 700 1226 765; x_wconf 89' lang='lat' dir='ltr'>mnndi</span> <span class='ocrx_word' id='word_1_27' title='bbox 1239 700 1371 765; x_wconf 82' lang='lat' dir='ltr'>termino</span> 
     </span>
     <span class='ocr_line' id='line_1_5' title="bbox 180 795 1372 887; baseline -0.001 -18"><span class='ocrx_word' id='word_1_28' title='bbox 180 795 182 802; x_wconf 76' lang='grc'><strong>’</strong></span> <span class='ocrx_word' id='word_1_29' title='bbox 228 802 369 869; x_wconf 82' lang='lat' dir='ltr'>inimicum</span> <span class='ocrx_word' id='word_1_30' title='bbox 390 801 482 867; x_wconf 91' lang='lat' dir='ltr'>homo</span> <span class='ocrx_word' id='word_1_31' title='bbox 503 801 592 868; x_wconf 88' lang='lat' dir='ltr'>rethe</span> <span class='ocrx_word' id='word_1_32' title='bbox 614 821 703 868; x_wconf 90' lang='lat' dir='ltr'>suum</span> <span class='ocrx_word' id='word_1_33' title='bbox 725 801 898 885; x_wconf 77' lang='lat' dir='ltr'>expendere</span> <span class='ocrx_word' id='word_1_34' title='bbox 920 806 953 867; x_wconf 91' lang='lat' dir='ltr'>et</span> <span class='ocrx_word' id='word_1_35' title='bbox 973 803 1149 887; x_wconf 85' lang='lat' dir='ltr'>zizaniu(l)</span> <span class='ocrx_word' id='word_1_36' title='bbox 1160 804 1313 869; x_wconf 81' lang='lat' dir='ltr'>seminare</span> <span class='ocrx_word' id='word_1_37' title='bbox 1325 803 1372 868; x_wconf 93' lang='lat' dir='ltr'>ni·</span> 
     </span>
     <span class='ocr_line' id='line_1_6' title="bbox 229 895 1373 989; baseline 0 -17"><span class='ocrx_word' id='word_1_38' title='bbox 229 895 290 972; x_wconf 85' lang='lat' dir='ltr'>mis</span> <span class='ocrx_word' id='word_1_39' title='bbox 316 904 451 972; x_wconf 82' lang='lat' dir='ltr'>festinet.</span> <span class='ocrx_word' id='word_1_40' title='bbox 492 906 584 971; x_wconf 78' lang='lat' dir='ltr'>Beati</span> <span class='ocrx_word' id='word_1_41' title='bbox 611 925 738 989; x_wconf 90' lang='lat' dir='ltr'>prorsus</span> <span class='ocrx_word' id='word_1_42' title='bbox 767 907 882 971; x_wconf 86' lang='lat' dir='ltr'>mortui</span> <span class='ocrx_word' id='word_1_43' title='bbox 902 906 955 988; x_wconf 90' lang='lat' dir='ltr'>qui</span> <span class='ocrx_word' id='word_1_44' title='bbox 975 906 1038 971; x_wconf 84' lang='lat' dir='ltr'>iam</span> <span class='ocrx_word' id='word_1_45' title='bbox 1059 909 1091 972; x_wconf 90' lang='lat' dir='ltr'>in</span> <span class='ocrx_word' id='word_1_46' title='bbox 1113 907 1237 973; x_wconf 93' lang='lat' dir='ltr'>domino</span> <span class='ocrx_word' id='word_1_47' title='bbox 1258 907 1373 972; x_wconf 88' lang='lat' dir='ltr'>mortui</span> 
     </span>
     <span class='ocr_line' id='line_1_7' title="bbox 230 1009 1373 1094; baseline 0 -18"><span class='ocrx_word' id='word_1_48' title='bbox 230 1010 373 1094; x_wconf 54' lang='lat' dir='ltr'>sunto).</span> <span class='ocrx_word' id='word_1_49' title='bbox 407 1010 521 1076; x_wconf 85' lang='lat' dir='ltr'>Recole</span> <span class='ocrx_word' id='word_1_50' title='bbox 542 1010 658 1075; x_wconf 79' lang='lat' dir='ltr'>iscium</span> <span class='ocrx_word' id='word_1_51' title='bbox 679 1010 814 1076; x_wconf 77' lang='lat' dir='ltr'>notabile</span> <span class='ocrx_word' id='word_1_52' title='bbox 837 1010 920 1092; x_wconf 88' lang='lat' dir='ltr'>quod</span> <span class='ocrx_word' id='word_1_53' title='bbox 942 1009 1053 1076; x_wconf 83' lang='lat' dir='ltr'>accidit</span> <span class='ocrx_word' id='word_1_54' title='bbox 1068 1011 1188 1075; x_wconf 80' lang='lat' dir='ltr'>undam</span> <span class='ocrx_word' id='word_1_55' title='bbox 1202 1029 1240 1075; x_wconf 85' lang='lat' dir='ltr'>ex</span> <span class='ocrx_word' id='word_1_56' title='bbox 1252 1011 1373 1092; x_wconf 89' lang='lat' dir='ltr'>predic-</span> 
     </span>
     <span class='ocr_line' id='line_1_8' title="bbox 229 1113 1374 1198; baseline -0.003 -17"><span class='ocrx_word' id='word_1_57' title='bbox 229 1113 280 1181; x_wconf 80' lang='lat' dir='ltr'>t&#39;m.</span> <span class='ocrx_word' id='word_1_58' title='bbox 314 1114 469 1193; x_wconf 82' lang='lat' dir='ltr'>Quidum</span> <span class='ocrx_word' id='word_1_59' title='bbox 491 1115 523 1179; x_wconf 94' lang='lat' dir='ltr'>in</span> <span class='ocrx_word' id='word_1_60' title='bbox 545 1115 769 1198; x_wconf 81' lang='lat' dir='ltr'>prophetnnd0‚</span> <span class='ocrx_word' id='word_1_61' title='bbox 791 1115 840 1179; x_wconf 90' lang='lat' dir='ltr'>vel</span> <span class='ocrx_word' id='word_1_62' title='bbox 863 1113 1111 1179; x_wconf 82' lang='lat' dir='ltr'>exhortacionem</span> <span class='ocrx_word' id='word_1_63' title='bbox 1129 1115 1297 1179; x_wconf 75' lang='lat' dir='ltr'>salubrem</span> <span class='ocrx_word' id='word_1_64' title='bbox 1318 1114 1374 1179; x_wconf 90' lang='lat' dir='ltr'>ho-</span> 
     </span>
     <span class='ocr_line' id='line_1_9' title="bbox 230 1216 1374 1299; baseline 0 -15"><span class='ocrx_word' id='word_1_65' title='bbox 230 1218 362 1284; x_wconf 86' lang='lat' dir='ltr'>minibus</span> <span class='ocrx_word' id='word_1_66' title='bbox 382 1216 541 1299; x_wconf 79' lang='lat' dir='ltr'>faciendo,</span> <span class='ocrx_word' id='word_1_67' title='bbox 565 1220 822 1286; x_wconf 80' lang='lat' dir='ltr'>exclamacionem</span> <span class='ocrx_word' id='word_1_68' title='bbox 842 1218 959 1284; x_wconf 77' lang='lat' dir='ltr'>feceret</span> <span class='ocrx_word' id='word_1_69' title='bbox 979 1236 1042 1283; x_wconf 94' lang='lat' dir='ltr'>non</span> <span class='ocrx_word' id='word_1_70' title='bbox 1063 1218 1230 1299; x_wconf 85' lang='lat' dir='ltr'>modicum,</span> <span class='ocrx_word' id='word_1_71' title='bbox 1256 1219 1294 1283; x_wconf 92' lang='lat' dir='ltr'>de</span> <span class='ocrx_word' id='word_1_72' title='bbox 1314 1217 1374 1284; x_wconf 87' lang='lat' dir='ltr'>hoc</span> 
     </span>
     <span class='ocr_line' id='line_1_10' title="bbox 231 1306 1375 1416; baseline -0.001 -28"><span class='ocrx_word' id='word_1_73' title='bbox 231 1321 347 1388; x_wconf 78' lang='lat' dir='ltr'>seilicet</span> <span class='ocrx_word' id='word_1_74' title='bbox 367 1309 453 1404; x_wconf 88' lang='lat' dir='ltr'>quod</span> <span class='ocrx_word' id='word_1_75' title='bbox 472 1324 584 1389; x_wconf 80' lang='lat' dir='ltr'>corilus</span> <span class='ocrx_word' id='word_1_76' title='bbox 607 1327 640 1390; x_wconf 90' lang='lat' dir='ltr'>et</span> <span class='ocrx_word' id='word_1_77' title='bbox 660 1306 797 1389; x_wconf 81' lang='lat' dir='ltr'>effectus.</span> <span class='ocrx_word' id='word_1_78' title='bbox 809 1323 970 1389; x_wconf 89' lang='lat' dir='ltr'>hominum</span> <span class='ocrx_word' id='word_1_79' title='bbox 992 1323 1159 1388; x_wconf 85' lang='lat' dir='ltr'>multomm</span> <span class='ocrx_word' id='word_1_80' title='bbox 1181 1308 1222 1388; x_wconf 80' lang='lat' dir='ltr'>ed</span> <span class='ocrx_word' id='word_1_81' title='bbox 1239 1323 1330 1416; x_wconf 89' lang='lat' dir='ltr'>deum</span> <span class='ocrx_word' id='word_1_82' title='bbox 1342 1327 1375 1388; x_wconf 90' lang='lat' dir='ltr'>et</span> 
     </span>
     <span class='ocr_line' id='line_1_11' title="bbox 231 1426 1444 1510; baseline -0.001 -18"><span class='ocrx_word' id='word_1_83' title='bbox 231 1431 354 1492; x_wconf 75' lang='lat' dir='ltr'>sanctos</span> <span class='ocrx_word' id='word_1_84' title='bbox 376 1428 441 1493; x_wconf 89' lang='lat' dir='ltr'>eius</span> <span class='ocrx_word' id='word_1_85' title='bbox 464 1426 634 1507; x_wconf 77' lang='lat' dir='ltr'>desedisset,</span> <span class='ocrx_word' id='word_1_86' title='bbox 656 1434 689 1493; x_wconf 89' lang='lat' dir='ltr'>et</span> <span class='ocrx_word' id='word_1_87' title='bbox 711 1429 794 1510; x_wconf 90' lang='lat' dir='ltr'>qnod</span> <span class='ocrx_word' id='word_1_88' title='bbox 816 1426 935 1494; x_wconf 87' lang='lat' dir='ltr'>Cristus</span> <span class='ocrx_word' id='word_1_89' title='bbox 957 1446 1045 1492; x_wconf 85' lang='lat' dir='ltr'>suam</span> <span class='ocrx_word' id='word_1_90' title='bbox 1067 1427 1199 1492; x_wconf 80' lang='lat' dir='ltr'>Mariam</span> <span class='ocrx_word' id='word_1_91' title='bbox 1216 1427 1375 1509; x_wconf 80' lang='lat' dir='ltr'>Msgdele·</span> <span class='ocrx_word' id='word_1_92' title='bbox 1436 1454 1444 1462; x_wconf 48' lang='grc'><strong>“</strong></span> 
     </span>
     <span class='ocr_line' id='line_1_12' title="bbox 232 1514 1375 1614; baseline -0.002 -17"><span class='ocrx_word' id='word_1_93' title='bbox 232 1546 305 1597; x_wconf 81' lang='lat' dir='ltr'>nem</span> <span class='ocrx_word' id='word_1_94' title='bbox 319 1520 409 1595; x_wconf 77' lang='lat' dir='ltr'>&#39;ultra</span> <span class='ocrx_word' id='word_1_95' title='bbox 429 1532 462 1595; x_wconf 93' lang='lat' dir='ltr'>in</span> <span class='ocrx_word' id='word_1_96' title='bbox 483 1533 598 1598; x_wconf 88' lang='lat' dir='ltr'>mundo</span> <span class='ocrx_word' id='word_1_97' title='bbox 620 1550 683 1597; x_wconf 92' lang='lat' dir='ltr'>non</span> <span class='ocrx_word' id='word_1_98' title='bbox 704 1514 865 1612; x_wconf 78' lang='lat' dir='ltr'>inveniret,</span> <span class='ocrx_word' id='word_1_99' title='bbox 888 1550 948 1614; x_wconf 89' lang='lat' dir='ltr'>qne</span> <span class='ocrx_word' id='word_1_100' title='bbox 960 1531 1008 1614; x_wconf 83' lang='lat'>(3)</span> <span class='ocrx_word' id='word_1_101' title='bbox 1020 1531 1077 1597; x_wconf 87' lang='lat' dir='ltr'>sibi</span> <span class='ocrx_word' id='word_1_102' title='bbox 1098 1535 1147 1596; x_wconf 90' lang='lat' dir='ltr'>tot</span> <span class='ocrx_word' id='word_1_103' title='bbox 1167 1526 1314 1613; x_wconf 83' lang='lat' dir='ltr'>obsequia</span> <span class='ocrx_word' id='word_1_104' title='bbox 1329 1530 1375 1596; x_wconf 86' lang='lat' dir='ltr'>io-</span> 
     </span>
     <span class='ocr_line' id='line_1_13' title="bbox 232 1635 1376 1718; baseline -0.002 -16"><span class='ocrx_word' id='word_1_105' title='bbox 232 1638 317 1702; x_wconf 68' lang='lat' dir='ltr'>eret</span> <span class='ocrx_word' id='word_1_106' title='bbox 337 1639 373 1699; x_wconf 92' lang='lat' dir='ltr'>nt</span> <span class='ocrx_word' id='word_1_107' title='bbox 393 1635 491 1718; x_wconf 89' lang='lat' dir='ltr'>olym:</span> <span class='ocrx_word' id='word_1_108' title='bbox 515 1635 668 1717; x_wconf 89' lang='lat' dir='ltr'>quomodo</span> <span class='ocrx_word' id='word_1_109' title='bbox 690 1640 762 1718; x_wconf 88' lang='lat' dir='ltr'>post</span> <span class='ocrx_word' id='word_1_110' title='bbox 784 1636 959 1718; x_wconf 81' lang='lat' dir='ltr'>conpletum</span> <span class='ocrx_word' id='word_1_111' title='bbox 979 1652 1151 1700; x_wconf 90' lang='lat' dir='ltr'>sermonem</span> <span class='ocrx_word' id='word_1_112' title='bbox 1162 1635 1299 1716; x_wconf 84' lang='lat' dir='ltr'>quedam</span> <span class='ocrx_word' id='word_1_113' title='bbox 1321 1635 1376 1700; x_wconf 91' lang='lat' dir='ltr'>do-</span> 
     </span>
     <span class='ocr_line' id='line_1_14' title="bbox 232 1737 1373 1822; baseline -0.001 -19"><span class='ocrx_word' id='word_1_114' title='bbox 232 1737 354 1803; x_wconf 82' lang='lat' dir='ltr'>micello</span> <span class='ocrx_word' id='word_1_115' title='bbox 373 1740 476 1821; x_wconf 93' lang='lat' dir='ltr'>ipsum</span> <span class='ocrx_word' id='word_1_116' title='bbox 498 1739 584 1819; x_wconf 83' lang='lat' dir='ltr'>nuit,</span> <span class='ocrx_word' id='word_1_117' title='bbox 609 1741 699 1822; x_wconf 89' lang='lat' dir='ltr'>eique</span> <span class='ocrx_word' id='word_1_118' title='bbox 721 1741 808 1822; x_wconf 81' lang='lat' dir='ltr'>quasi</span> <span class='ocrx_word' id='word_1_119' title='bbox 823 1738 1100 1817; x_wconf 81' lang='lat' dir='ltr'>substomachando</span> <span class='ocrx_word' id='word_1_120' title='bbox 1115 1738 1205 1803; x_wconf 84' lang='lat' dir='ltr'>dixit:</span> <span class='ocrx_word' id='word_1_121' title='bbox 1229 1737 1373 1817; x_wconf 82' lang='lat' dir='ltr'>Ohuter,</span> 
     </span>
     <span class='ocr_line' id='line_1_15' title="bbox 233 1839 1376 1928; baseline -0.002 -20"><span class='ocrx_word' id='word_1_122' title='bbox 233 1839 375 1908; x_wconf 86' lang='lat' dir='ltr'>siMorin</span> <span class='ocrx_word' id='word_1_123' title='bbox 395 1861 478 1908; x_wconf 92' lang='lat' dir='ltr'>nunc</span> <span class='ocrx_word' id='word_1_124' title='bbox 499 1843 587 1909; x_wconf 89' lang='lat' dir='ltr'>sicut·</span> <span class='ocrx_word' id='word_1_125' title='bbox 600 1844 682 1928; x_wconf 86' lang='lat' dir='ltr'>olym</span> <span class='ocrx_word' id='word_1_126' title='bbox 704 1845 856 1909; x_wconf 88' lang='lat' dir='ltr'>inveniret</span> <span class='ocrx_word' id='word_1_127' title='bbox 868 1862 958 1910; x_wconf 91' lang='lat' dir='ltr'>suum</span> <span class='ocrx_word' id='word_1_128' title='bbox 974 1842 1117 1923; x_wconf 80' lang='lat' dir='ltr'>Gristum,</span> <span class='ocrx_word' id='word_1_129' title='bbox 1139 1844 1246 1925; x_wconf 89' lang='lat' dir='ltr'>ntique</span> <span class='ocrx_word' id='word_1_130' title='bbox 1259 1840 1376 1907; x_wconf 82' lang='lat' dir='ltr'>Orlstus</span> 
     </span>
     <span class='ocr_line' id='line_1_16' title="bbox 233 1934 1378 2032; baseline -0.001 -20"><span class='ocrx_word' id='word_1_131' title='bbox 233 1964 316 2012; x_wconf 90' lang='lat' dir='ltr'>nnnc</span> <span class='ocrx_word' id='word_1_132' title='bbox 337 1964 460 2030; x_wconf 89' lang='lat' dir='ltr'>quoque</span> <span class='ocrx_word' id='word_1_133' title='bbox 480 1948 560 2013; x_wconf 87' lang='lat' dir='ltr'>sicut</span> <span class='ocrx_word' id='word_1_134' title='bbox 578 1948 660 2032; x_wconf 87' lang='lat' dir='ltr'>olym</span> <span class='ocrx_word' id='word_1_135' title='bbox 675 1949 826 2025; x_wconf 85' lang='lat' dir='ltr'>inveniret</span> <span class='ocrx_word' id='word_1_136' title='bbox 838 1966 926 2014; x_wconf 84' lang='lat' dir='ltr'>suam</span> <span class='ocrx_word' id='word_1_137' title='bbox 940 1947 1087 2011; x_wconf 82' lang='lat' dir='ltr'>Marium:</span> <span class='ocrx_word' id='word_1_138' title='bbox 1109 1934 1280 2013; x_wconf 74' lang='lat' dir='ltr'>intendens</span> <span class='ocrx_word' id='word_1_139' title='bbox 1294 1945 1378 2029; x_wconf 88' lang='lat' dir='ltr'>qnod</span> 
     </span>
     <span class='ocr_line' id='line_1_17' title="bbox 135 2048 1379 2142; baseline -0.002 -24"><span class='ocrx_word' id='word_1_140' title='bbox 135 2061 140 2068; x_wconf 83' lang='lat'>&#39;</span> <span class='ocrx_word' id='word_1_141' title='bbox 234 2050 262 2118; x_wconf 86' lang='lat' dir='ltr'>si</span> <span class='ocrx_word' id='word_1_142' title='bbox 283 2051 429 2135; x_wconf 78' lang='lat' dir='ltr'>quidem·</span> <span class='ocrx_word' id='word_1_143' title='bbox 445 2048 485 2118; x_wconf 93' lang='lat' dir='ltr'>de</span> <span class='ocrx_word' id='word_1_144' title='bbox 507 2052 668 2136; x_wconf 90' lang='lat' dir='ltr'>prophetis</span> <span class='ocrx_word' id='word_1_145' title='bbox 689 2053 845 2135; x_wconf 82' lang='lat' dir='ltr'>predictis,</span> <span class='ocrx_word' id='word_1_146' title='bbox 868 2056 971 2139; x_wconf 84' lang='lat' dir='ltr'>essent</span> <span class='ocrx_word' id='word_1_147' title='bbox 992 2052 1071 2142; x_wconf 89' lang='lat' dir='ltr'>sicut</span> <span class='ocrx_word' id='word_1_148' title='bbox 1092 2051 1253 2132; x_wconf 89' lang='lat' dir='ltr'>deberent,</span> <span class='ocrx_word' id='word_1_149' title='bbox 1278 2049 1379 2116; x_wconf 85' lang='lat' dir='ltr'>adhuc</span> 
     </span>
     <span class='ocr_line' id='line_1_18' title="bbox 235 2156 1252 2238; baseline -0.002 -16"><span class='ocrx_word' id='word_1_150' title='bbox 235 2160 339 2222; x_wconf 88' lang='lat' dir='ltr'>essent</span> <span class='ocrx_word' id='word_1_151' title='bbox 360 2157 414 2238; x_wconf 88' lang='lat' dir='ltr'>qui</span> <span class='ocrx_word' id='word_1_152' title='bbox 436 2175 488 2223; x_wconf 92' lang='lat' dir='ltr'>eos</span> <span class='ocrx_word' id='word_1_153' title='bbox 511 2175 582 2222; x_wconf 91' lang='lat' dir='ltr'>cum</span> <span class='ocrx_word' id='word_1_154' title='bbox 604 2158 689 2224; x_wconf 93' lang='lat' dir='ltr'>omni</span> <span class='ocrx_word' id='word_1_155' title='bbox 711 2157 877 2226; x_wconf 88' lang='lat' dir='ltr'>devocione</span> <span class='ocrx_word' id='word_1_156' title='bbox 898 2156 1097 2238; x_wconf 88' lang='lat' dir='ltr'>susciperent.</span> <span class='ocrx_word' id='word_1_157' title='bbox 1248 2226 1252 2231; x_wconf 66' lang='grc'><strong>,</strong></span> 
     </span>
    </p>

    <p class='ocr_par' dir='ltr' id='par_1_3' title="bbox 215 2252 1379 3489">
     <span class='ocr_line' id='line_1_19' title="bbox 276 2252 1379 2345; baseline -0.005 -17"><span class='ocrx_word' id='word_1_158' title='bbox 276 2314 284 2328; x_wconf 90' lang='lat'><strong>.</strong></span> <span class='ocrx_word' id='word_1_159' title='bbox 300 2259 399 2327; x_wconf 91' lang='lat' dir='ltr'>Porro</span> <span class='ocrx_word' id='word_1_160' title='bbox 422 2260 496 2326; x_wconf 96' lang='lat' dir='ltr'>dum</span> <span class='ocrx_word' id='word_1_161' title='bbox 516 2260 598 2335; x_wconf 85' lang='lat' dir='ltr'>hunc</span> <span class='ocrx_word' id='word_1_162' title='bbox 619 2252 730 2344; x_wconf 85' lang='lat' dir='ltr'>purum</span> <span class='ocrx_word' id='word_1_163' title='bbox 751 2262 914 2326; x_wconf 83' lang='lat' dir='ltr'>veritatem</span> <span class='ocrx_word' id='word_1_164' title='bbox 936 2278 996 2345; x_wconf 90' lang='lat' dir='ltr'>que</span> <span class='ocrx_word' id='word_1_165' title='bbox 1016 2260 1094 2325; x_wconf 82' lang='lat' dir='ltr'>vicie</span> <span class='ocrx_word' id='word_1_166' title='bbox 1108 2257 1236 2340; x_wconf 82' lang='lat' dir='ltr'>palpare</span> <span class='ocrx_word' id='word_1_167' title='bbox 1248 2276 1311 2323; x_wconf 92' lang='lat' dir='ltr'>non</span> <span class='ocrx_word' id='word_1_168' title='bbox 1322 2277 1379 2324; x_wconf 90' lang='lat' dir='ltr'>no-</span> 
     </span>
     <span class='ocr_line' id='line_1_20' title="bbox 215 2359 1379 2452; baseline -0.002 -22"><span class='ocrx_word' id='word_1_169' title='bbox 215 2363 291 2444; x_wconf 72' lang='lat' dir='ltr'>vit,</span> <span class='ocrx_word' id='word_1_170' title='bbox 313 2383 455 2431; x_wconf 86' lang='lat' dir='ltr'>sermone</span> <span class='ocrx_word' id='word_1_171' title='bbox 477 2365 602 2448; x_wconf 89' lang='lat' dir='ltr'>quidem</span> <span class='ocrx_word' id='word_1_172' title='bbox 622 2369 798 2452; x_wconf 79' lang='lat' dir='ltr'>temperato</span> <span class='ocrx_word' id='word_1_173' title='bbox 817 2366 874 2432; x_wconf 94' lang='lat' dir='ltr'>sed</span> <span class='ocrx_word' id='word_1_174' title='bbox 895 2364 1061 2430; x_wconf 71' lang='lat' dir='ltr'>sulmodium</span> <span class='ocrx_word' id='word_1_175' title='bbox 1079 2359 1301 2428; x_wconf 76' lang='lat' dir='ltr'>consumeris</span> <span class='ocrx_word' id='word_1_176' title='bbox 1314 2381 1379 2428; x_wconf 92' lang='lat' dir='ltr'>me-</span> 
     </span>
     <span class='ocr_line' id='line_1_21' title="bbox 238 2465 1379 2552; baseline 0 -20"><span class='ocrx_word' id='word_1_177' title='bbox 238 2467 322 2532; x_wconf 90' lang='lat' dir='ltr'>dinm</span> <span class='ocrx_word' id='word_1_178' title='bbox 335 2468 382 2552; x_wconf 77' lang='lat' dir='ltr'>(l)</span> <span class='ocrx_word' id='word_1_179' title='bbox 393 2468 527 2552; x_wconf 82' lang='lat' dir='ltr'>profero,</span> <span class='ocrx_word' id='word_1_180' title='bbox 545 2470 636 2536; x_wconf 92' lang='lat' dir='ltr'>video</span> <span class='ocrx_word' id='word_1_181' title='bbox 650 2473 683 2536; x_wconf 88' lang='lat' dir='ltr'>te</span> <span class='ocrx_word' id='word_1_182' title='bbox 698 2474 802 2534; x_wconf 87' lang='lat' dir='ltr'>mente</span> <span class='ocrx_word' id='word_1_183' title='bbox 815 2472 1053 2547; x_wconf 80' lang='lat' dir='ltr'>consternatum,</span> <span class='ocrx_word' id='word_1_184' title='bbox 1068 2467 1229 2531; x_wconf 87' lang='lat' dir='ltr'>timentem</span> <span class='ocrx_word' id='word_1_185' title='bbox 1246 2483 1285 2530; x_wconf 93' lang='lat' dir='ltr'>ne</span> <span class='ocrx_word' id='word_1_186' title='bbox 1298 2465 1379 2535; x_wconf 82' lang='lat' dir='ltr'>forie</span> 
     </span>
     <span class='ocr_line' id='line_1_22' title="bbox 237 2570 1378 2655; baseline -0.002 -19"><span class='ocrx_word' id='word_1_187' title='bbox 237 2570 298 2655; x_wconf 91' lang='lat' dir='ltr'>hoc</span> <span class='ocrx_word' id='word_1_188' title='bbox 317 2572 403 2653; x_wconf 89' lang='lat' dir='ltr'>quod</span> <span class='ocrx_word' id='word_1_189' title='bbox 411 2573 461 2655; x_wconf 85' lang='lat' dir='ltr'>(b)</span> <span class='ocrx_word' id='word_1_190' title='bbox 472 2577 574 2638; x_wconf 85' lang='lat' dir='ltr'>tecum</span> <span class='ocrx_word' id='word_1_191' title='bbox 596 2579 716 2640; x_wconf 87' lang='lat' dir='ltr'>secreto</span> <span class='ocrx_word' id='word_1_192' title='bbox 739 2572 879 2651; x_wconf 83' lang='lat' dir='ltr'>confero,</span> <span class='ocrx_word' id='word_1_193' title='bbox 909 2571 983 2636; x_wconf 93' lang='lat' dir='ltr'>dum</span> <span class='ocrx_word' id='word_1_194' title='bbox 1011 2570 1051 2635; x_wconf 86' lang='lat' dir='ltr'>ud</span> <span class='ocrx_word' id='word_1_195' title='bbox 1080 2587 1170 2635; x_wconf 83' lang='lat' dir='ltr'>sures</span> <span class='ocrx_word' id='word_1_196' title='bbox 1199 2587 1306 2636; x_wconf 89' lang='lat' dir='ltr'>eorum</span> <span class='ocrx_word' id='word_1_197' title='bbox 1326 2570 1378 2652; x_wconf 89' lang='lat' dir='ltr'>qui</span> 
     </span>
     <span class='ocr_line' id='line_1_23' title="bbox 237 2673 1379 2767; baseline 0 -27"><span class='ocrx_word' id='word_1_198' title='bbox 237 2675 314 2753; x_wconf 82' lang='lat' dir='ltr'>tulis</span> <span class='ocrx_word' id='word_1_199' title='bbox 335 2680 432 2757; x_wconf 82' lang='lat' dir='ltr'>agunt</span> <span class='ocrx_word' id='word_1_200' title='bbox 453 2677 651 2758; x_wconf 86' lang='lat' dir='ltr'>pervenerint</span> <span class='ocrx_word' id='word_1_201' title='bbox 663 2676 721 2758; x_wconf 84' lang='lat'>(6),</span> <span class='ocrx_word' id='word_1_202' title='bbox 744 2676 949 2759; x_wconf 73' lang='lat' dir='ltr'>neghguntur,</span> <span class='ocrx_word' id='word_1_203' title='bbox 972 2677 1026 2739; x_wconf 86' lang='lat' dir='ltr'>ent</span> <span class='ocrx_word' id='word_1_204' title='bbox 1041 2677 1124 2767; x_wconf 76' lang='lat' dir='ltr'>certe</span> <span class='ocrx_word' id='word_1_205' title='bbox 1140 2673 1241 2738; x_wconf 93' lang='lat' dir='ltr'>minus</span> <span class='ocrx_word' id='word_1_206' title='bbox 1254 2677 1379 2754; x_wconf 61' lang='lat' dir='ltr'>motun-</span> 
     </span>
     <span class='ocr_line' id='line_1_24' title="bbox 237 2762 1379 2863; baseline -0.003 -18"><span class='ocrx_word' id='word_1_207' title='bbox 237 2779 566 2863; x_wconf 81' lang='lat' dir='ltr'>ter·reciplnntur(i).</span> <span class='ocrx_word' id='word_1_208' title='bbox 600 2780 670 2844; x_wconf 91' lang='lat' dir='ltr'>Hoc</span> <span class='ocrx_word' id='word_1_209' title='bbox 690 2785 748 2845; x_wconf 81' lang='lat' dir='ltr'>est·</span> <span class='ocrx_word' id='word_1_210' title='bbox 762 2782 834 2861; x_wconf 84' lang='lat' dir='ltr'>ergo</span> <span class='ocrx_word' id='word_1_211' title='bbox 857 2762 940 2861; x_wconf 74' lang='lat' dir='ltr'>ouod</span> <span class='ocrx_word' id='word_1_212' title='bbox 962 2779 1110 2860; x_wconf 85' lang='lat' dir='ltr'>displicet.</span> <span class='ocrx_word' id='word_1_213' title='bbox 1143 2777 1212 2842; x_wconf 90' lang='lat' dir='ltr'>Hoc</span> <span class='ocrx_word' id='word_1_214' title='bbox 1232 2777 1379 2859; x_wconf 90' lang='lat' dir='ltr'>estquod</span> 
     </span>
     <span class='ocr_line' id='line_1_25' title="bbox 237 2880 1378 2974; baseline -0.005 -24"><span class='ocrx_word' id='word_1_215' title='bbox 237 2889 271 2950; x_wconf 86' lang='lat' dir='ltr'>te</span> <span class='ocrx_word' id='word_1_216' title='bbox 291 2884 563 2974; x_wconf 88' lang='lat' dir='ltr'>reprehensibilem</span> <span class='ocrx_word' id='word_1_217' title='bbox 584 2884 703 2964; x_wconf 86' lang='lat' dir='ltr'>reddit,</span> <span class='ocrx_word' id='word_1_218' title='bbox 730 2884 802 2965; x_wconf 83' lang='lat' dir='ltr'>quis</span> <span class='ocrx_word' id='word_1_219' title='bbox 823 2888 855 2949; x_wconf 87' lang='lat' dir='ltr'>te</span> <span class='ocrx_word' id='word_1_220' title='bbox 876 2883 965 2948; x_wconf 92' lang='lat' dir='ltr'>nimis</span> <span class='ocrx_word' id='word_1_221' title='bbox 987 2883 1129 2948; x_wconf 92' lang='lat' dir='ltr'>timidum</span> <span class='ocrx_word' id='word_1_222' title='bbox 1151 2899 1217 2947; x_wconf 88' lang='lat' dir='ltr'>esse</span> <span class='ocrx_word' id='word_1_223' title='bbox 1236 2880 1324 2945; x_wconf 87' lang='lat' dir='ltr'>video</span> <span class='ocrx_word' id='word_1_224' title='bbox 1345 2881 1378 2944; x_wconf 93' lang='lat' dir='ltr'>in</span> 
     </span>
     <span class='ocr_line' id='line_1_26' title="bbox 235 2983 1378 3073; baseline -0.007 -17"><span class='ocrx_word' id='word_1_225' title='bbox 235 2990 295 3056; x_wconf 88' lang='lat' dir='ltr'>hiis</span> <span class='ocrx_word' id='word_1_226' title='bbox 317 3009 384 3073; x_wconf 89' lang='lat' dir='ltr'>que.</span> <span class='ocrx_word' id='word_1_227' title='bbox 398 2991 566 3055; x_wconf 88' lang='lat' dir='ltr'>multorum</span> <span class='ocrx_word' id='word_1_228' title='bbox 589 2989 629 3053; x_wconf 87' lang='lat' dir='ltr'>ed</span> <span class='ocrx_word' id='word_1_229' title='bbox 652 2988 783 3053; x_wconf 84' lang='lat' dir='ltr'>salutem</span> <span class='ocrx_word' id='word_1_230' title='bbox 802 3007 869 3054; x_wconf 88' lang='lat' dir='ltr'>esse</span> <span class='ocrx_word' id='word_1_231' title='bbox 884 3006 1044 3070; x_wconf 86' lang='lat' dir='ltr'>cognosco.</span> <span class='ocrx_word' id='word_1_232' title='bbox 1078 2987 1160 3066; x_wconf 81' lang='lat' dir='ltr'>Quid</span> <span class='ocrx_word' id='word_1_233' title='bbox 1175 2985 1277 3051; x_wconf 85' lang='lat' dir='ltr'>enim?</span> <span class='ocrx_word' id='word_1_234' title='bbox 1304 2983 1378 3049; x_wconf 85' lang='lat' dir='ltr'>Jhc-</span> 
     </span>
     <span class='ocr_line' id='line_1_27' title="bbox 235 3081 1377 3176; baseline -0.007 -15"><span class='ocrx_word' id='word_1_235' title='bbox 235 3096 348 3161; x_wconf 84' lang='lat' dir='ltr'>remius</span> <span class='ocrx_word' id='word_1_236' title='bbox 368 3115 432 3161; x_wconf 93' lang='lat' dir='ltr'>non</span> <span class='ocrx_word' id='word_1_237' title='bbox 452 3114 499 3175; x_wconf 84' lang='lat' dir='ltr'>es,</span> <span class='ocrx_word' id='word_1_238' title='bbox 521 3081 729 3163; x_wconf 78' lang='lat' dir='ltr'>sanctificatus</span> <span class='ocrx_word' id='word_1_239' title='bbox 743 3093 775 3156; x_wconf 92' lang='lat' dir='ltr'>in</span> <span class='ocrx_word' id='word_1_240' title='bbox 789 3098 877 3158; x_wconf 84' lang='lat' dir='ltr'>utero</span> <span class='ocrx_word' id='word_1_241' title='bbox 891 3112 954 3159; x_wconf 92' lang='lat' dir='ltr'>non</span> <span class='ocrx_word' id='word_1_242' title='bbox 968 3112 1011 3174; x_wconf 87' lang='lat' dir='ltr'>es,</span> <span class='ocrx_word' id='word_1_243' title='bbox 1033 3081 1187 3176; x_wconf 83' lang='lat' dir='ltr'>propheta</span> <span class='ocrx_word' id='word_1_244' title='bbox 1202 3089 1332 3173; x_wconf 89' lang='lat' dir='ltr'>nones(</span> <span class='ocrx_word' id='word_1_245' title='bbox 1353 3087 1377 3172; x_wconf 89' lang='lat'>).</span> 
     </span>
     <span class='ocr_line' id='line_1_28' title="bbox 235 3193 1378 3281; baseline -0.005 -17"><span class='ocrx_word' id='word_1_246' title='bbox 235 3198 299 3264; x_wconf 77' lang='lat' dir='ltr'>Sed</span> <span class='ocrx_word' id='word_1_247' title='bbox 310 3200 405 3281; x_wconf 80' lang='lat' dir='ltr'>quid?</span> <span class='ocrx_word' id='word_1_248' title='bbox 435 3199 536 3265; x_wconf 90' lang='lat' dir='ltr'>Homo</span> <span class='ocrx_word' id='word_1_249' title='bbox 548 3202 693 3281; x_wconf 80' lang='lat' dir='ltr'>peccator</span> <span class='ocrx_word' id='word_1_250' title='bbox 703 3201 736 3261; x_wconf 88' lang='lat' dir='ltr'>et</span> <span class='ocrx_word' id='word_1_251' title='bbox 750 3194 955 3262; x_wconf 76' lang='lat' dir='ltr'>ermentarius</span> <span class='ocrx_word' id='word_1_252' title='bbox 969 3197 1112 3262; x_wconf 80' lang='lat' dir='ltr'>vellicans</span> <span class='ocrx_word' id='word_1_253' title='bbox 1125 3195 1333 3279; x_wconf 90' lang='lat' dir='ltr'>sichomorcs(</span> <span class='ocrx_word' id='word_1_254' title='bbox 1354 3193 1378 3277; x_wconf 90' lang='lat'>).</span> 
     </span>
     <span class='ocr_line' id='line_1_29' title="bbox 236 3301 1379 3384; baseline -0.004 -16"><span class='ocrx_word' id='word_1_255' title='bbox 236 3302 479 3384; x_wconf 85' lang='lat' dir='ltr'>Verumptnmen</span> <span class='ocrx_word' id='word_1_256' title='bbox 495 3305 613 3369; x_wconf 89' lang='lat' dir='ltr'>missus</span> <span class='ocrx_word' id='word_1_257' title='bbox 635 3303 675 3368; x_wconf 85' lang='lat' dir='ltr'>ab</span> <span class='ocrx_word' id='word_1_258' title='bbox 697 3319 733 3367; x_wconf 94' lang='lat' dir='ltr'>eo</span> <span class='ocrx_word' id='word_1_259' title='bbox 756 3320 776 3365; x_wconf 86' lang='lat' dir='ltr'>a</span> <span class='ocrx_word' id='word_1_260' title='bbox 798 3321 859 3384; x_wconf 92' lang='lat' dir='ltr'>quo</span> <span class='ocrx_word' id='word_1_261' title='bbox 881 3306 913 3366; x_wconf 92' lang='lat' dir='ltr'>et</span> <span class='ocrx_word' id='word_1_262' title='bbox 933 3301 977 3365; x_wconf 93' lang='lat' dir='ltr'>illi</span> <span class='ocrx_word' id='word_1_263' title='bbox 990 3301 1076 3383; x_wconf 88' lang='lat'>(10):</span> <span class='ocrx_word' id='word_1_264' title='bbox 1107 3301 1190 3383; x_wconf 90' lang='lat' dir='ltr'>quod</span> <span class='ocrx_word' id='word_1_265' title='bbox 1215 3303 1247 3363; x_wconf 87' lang='lat' dir='ltr'>et</span> <span class='ocrx_word' id='word_1_266' title='bbox 1267 3318 1379 3364; x_wconf 84' lang='lat' dir='ltr'>nomen</span> 
     </span>
     <span class='ocr_line' id='line_1_30' title="bbox 237 3394 1377 3489; baseline -0.006 -18"><span class='ocrx_word' id='word_1_267' title='bbox 237 3394 270 3472; x_wconf 86' lang='lat' dir='ltr'>et</span> <span class='ocrx_word' id='word_1_268' title='bbox 290 3406 439 3489; x_wconf 89' lang='lat' dir='ltr'>professio</span> <span class='ocrx_word' id='word_1_269' title='bbox 462 3411 715 3486; x_wconf 81' lang='lat' dir='ltr'>tua-attestatur,</span> <span class='ocrx_word' id='word_1_270' title='bbox 739 3423 758 3469; x_wconf 85' lang='lat' dir='ltr'>a</span> <span class='ocrx_word' id='word_1_271' title='bbox 779 3424 899 3470; x_wconf 92' lang='lat' dir='ltr'>summo</span> <span class='ocrx_word' id='word_1_272' title='bbox 928 3406 1050 3484; x_wconf 77' lang='lat' dir='ltr'>menno,</span> <span class='ocrx_word' id='word_1_273' title='bbox 1073 3404 1171 3469; x_wconf 85' lang='lat' dir='ltr'>Jhesu</span> <span class='ocrx_word' id='word_1_274' title='bbox 1195 3402 1295 3468; x_wconf 80' lang='lat' dir='ltr'>(histo</span> <span class='ocrx_word' id='word_1_275' title='bbox 1308 3402 1377 3487; x_wconf 87' lang='grc'><strong>(11)</strong></span> 
     </span>
    </p>
   </div>
   <div class='ocr_carea' id='block_1_3' title="bbox 236 3502 1380 3905">
    <p class='ocr_par' dir='ltr' id='par_1_4' title="bbox 236 3502 1380 3905">
     <span class='ocr_line' id='line_1_31' title="bbox 237 3502 1380 3599; baseline -0.003 -22"><span class='ocrx_word' id='word_1_276' title='bbox 237 3502 427 3577; x_wconf 83' lang='lat' dir='ltr'>confirmato.</span> <span class='ocrx_word' id='word_1_277' title='bbox 461 3512 565 3590; x_wconf 81' lang='lat' dir='ltr'>Quare</span> <span class='ocrx_word' id='word_1_278' title='bbox 586 3509 755 3576; x_wconf 83' lang='lat' dir='ltr'>formidas?</span> <span class='ocrx_word' id='word_1_279' title='bbox 780 3509 829 3599; x_wconf 60' lang='lat' dir='ltr'>‚Et</span> <span class='ocrx_word' id='word_1_280' title='bbox 850 3510 877 3574; x_wconf 91' lang='lat' dir='ltr'>si</span> <span class='ocrx_word' id='word_1_281' title='bbox 897 3509 982 3573; x_wconf 84' lang='lat' dir='ltr'>venis</span> <span class='ocrx_word' id='word_1_282' title='bbox 1005 3508 1121 3593; x_wconf 64' lang='lat' dir='ltr'>scm)</span> <span class='ocrx_word' id='word_1_283' title='bbox 1135 3508 1290 3573; x_wconf 86' lang='lat' dir='ltr'>dissolutis</span> <span class='ocrx_word' id='word_1_284' title='bbox 1319 3508 1380 3573; x_wconf 91' lang='lat' dir='ltr'>dis·</span> 
     </span>
     <span class='ocr_line' id='line_1_32' title="bbox 236 3605 1380 3698; baseline -0.003 -18"><span class='ocrx_word' id='word_1_285' title='bbox 236 3614 372 3698; x_wconf 82' lang='lat' dir='ltr'>plicebis,</span> <span class='ocrx_word' id='word_1_286' title='bbox 395 3605 498 3682; x_wconf 85' lang='lat' dir='ltr'>tamon</span> <span class='ocrx_word' id='word_1_287' title='bbox 520 3616 625 3681; x_wconf 92' lang='lat' dir='ltr'>multis</span> <span class='ocrx_word' id='word_1_288' title='bbox 648 3615 701 3698; x_wconf 91' lang='lat' dir='ltr'>qui</span> <span class='ocrx_word' id='word_1_289' title='bbox 721 3615 754 3679; x_wconf 96' lang='lat' dir='ltr'>in</span> <span class='ocrx_word' id='word_1_290' title='bbox 777 3614 902 3679; x_wconf 75' lang='lat' dir='ltr'>levitate</span> <span class='ocrx_word' id='word_1_291' title='bbox 923 3613 1018 3677; x_wconf 84' lang='lat' dir='ltr'>animi</span> <span class='ocrx_word' id='word_1_292' title='bbox 1038 3631 1100 3678; x_wconf 90' lang='lat' dir='ltr'>nun</span> <span class='ocrx_word' id='word_1_293' title='bbox 1117 3612 1295 3692; x_wconf 76' lang='lat' dir='ltr'>¹ambulent,</span> <span class='ocrx_word' id='word_1_294' title='bbox 1325 3611 1380 3677; x_wconf 93' lang='lat' dir='ltr'>sed</span> 
     </span>
     <span class='ocr_line' id='line_1_33' title="bbox 238 3717 1380 3801; baseline -0.004 -18"><span class='ocrx_word' id='word_1_295' title='bbox 238 3722 407 3785; x_wconf 89' lang='lat' dir='ltr'>secundum</span> <span class='ocrx_word' id='word_1_296' title='bbox 429 3726 606 3786; x_wconf 84' lang='lat' dir='ltr'>sanctorum</span> <span class='ocrx_word' id='word_1_297' title='bbox 627 3721 770 3785; x_wconf 84' lang='lat' dir='ltr'>instituto</span> <span class='ocrx_word' id='word_1_298' title='bbox 791 3723 916 3801; x_wconf 86' lang='lat' dir='ltr'>potrum</span> <span class='ocrx_word' id='word_1_299' title='bbox 937 3717 1065 3783; x_wconf 85' lang='lat' dir='ltr'>honeste</span> <span class='ocrx_word' id='word_1_300' title='bbox 1087 3721 1321 3794; x_wconf 85' lang='lat' dir='ltr'>conversentur,</span> <span class='ocrx_word' id='word_1_301' title='bbox 1343 3732 1380 3778; x_wconf 84' lang='lat' dir='ltr'>ec</span> 
     </span>
     <span class='ocr_line' id='line_1_34' title="bbox 238 3819 1380 3905; baseline -0.004 -18"><span class='ocrx_word' id='word_1_302' title='bbox 238 3823 356 3905; x_wconf 90' lang='lat' dir='ltr'>seipsos</span> <span class='ocrx_word' id='word_1_303' title='bbox 379 3829 411 3890; x_wconf 88' lang='lat' dir='ltr'>et</span> <span class='ocrx_word' id='word_1_304' title='bbox 432 3825 546 3889; x_wconf 90' lang='lat' dir='ltr'>multos</span> <span class='ocrx_word' id='word_1_305' title='bbox 569 3824 646 3890; x_wconf 83' lang='lat' dir='ltr'>uh0s</span> <span class='ocrx_word' id='word_1_306' title='bbox 668 3824 725 3888; x_wconf 86' lang='lat' dir='ltr'>deo</span> <span class='ocrx_word' id='word_1_307' title='bbox 747 3823 922 3902; x_wconf 86' lang='lat' dir='ltr'>lucrentur,</span> <span class='ocrx_word' id='word_1_308' title='bbox 945 3821 1089 3904; x_wconf 85' lang='lat' dir='ltr'>placebis.</span> <span class='ocrx_word' id='word_1_309' title='bbox 1130 3821 1180 3885; x_wconf 82' lang='lat' dir='ltr'>An</span> <span class='ocrx_word' id='word_1_310' title='bbox 1203 3820 1305 3902; x_wconf 92' lang='lat' dir='ltr'>queris</span> <span class='ocrx_word' id='word_1_311' title='bbox 1326 3819 1380 3883; x_wconf 84' lang='lat' dir='ltr'>ad-</span> 
     </span>
    </p>
   </div>
   <div class='ocr_carea' id='block_1_4' title="bbox 237 3992 1380 4508">
    <p class='ocr_par' dir='ltr' id='par_1_5' title="bbox 237 3992 1380 4508">
     <span class='ocr_line' id='line_1_35' title="bbox 303 3992 1379 4078; baseline -0.022 -15"><span class='ocrx_word' id='word_1_312' title='bbox 303 3996 336 4063; x_wconf 84' lang='lat'>(1)</span> <span class='ocrx_word' id='word_1_313' title='bbox 359 4001 534 4061; x_wconf 80' lang='lat' dir='ltr'>Dzisaniam</span> <span class='ocrx_word' id='word_1_314' title='bbox 557 3997 560 4010; x_wconf 68' lang='lat'><strong>¹</strong></span> <span class='ocrx_word' id='word_1_315' title='bbox 580 4003 815 4078; x_wconf 73' lang='lat' dir='ltr'>Lzynnniam-</span> <span class='ocrx_word' id='word_1_316' title='bbox 838 3996 871 4064; x_wconf 74' lang='grc'>(2)</span> <span class='ocrx_word' id='word_1_317' title='bbox 894 4003 985 4075; x_wconf 50' lang='lat' dir='ltr'>poppo,</span> <span class='ocrx_word' id='word_1_318' title='bbox 1007 4002 1166 4072; x_wconf 71' lang='lat'><strong><em>14‚13‚-</em></strong></span> <span class='ocrx_word' id='word_1_319' title='bbox 1188 3992 1221 4060; x_wconf 87' lang='lat'>(3)</span> <span class='ocrx_word' id='word_1_320' title='bbox 1244 3994 1379 4052; x_wconf 76' lang='grc' dir='ltr'>ΑΟΕΜΡ</span> 
     </span>
     <span class='ocr_line' id='line_1_36' title="bbox 237 4078 1379 4162; baseline -0.022 -2"><span class='ocrx_word' id='word_1_321' title='bbox 237 4089 301 4161; x_wconf 86' lang='lat' dir='ltr'>qui;</span> <span class='ocrx_word' id='word_1_322' title='bbox 323 4105 394 4147; x_wconf 81' lang='lat' dir='ltr'>mon</span> <span class='ocrx_word' id='word_1_323' title='bbox 416 4087 443 4146; x_wconf 86' lang='lat' dir='ltr'>A</span> <span class='ocrx_word' id='word_1_324' title='bbox 458 4090 633 4162; x_wconf 76' lang='lat' dir='ltr'>exequie-</span> <span class='ocrx_word' id='word_1_325' title='bbox 655 4083 687 4149; x_wconf 79' lang='lat' dir='ltr'>(l)</span> <span class='ocrx_word' id='word_1_326' title='bbox 710 4087 737 4145; x_wconf 82' lang='lat' dir='ltr'>A</span> <span class='ocrx_word' id='word_1_327' title='bbox 749 4087 898 4147; x_wconf 80' lang='lat' dir='ltr'>medio-</span> <span class='ocrx_word' id='word_1_328' title='bbox 912 4083 946 4150; x_wconf 82' lang='lat'>(5)</span> <span class='ocrx_word' id='word_1_329' title='bbox 960 4086 989 4145; x_wconf 83' lang='lat' dir='ltr'><strong>A</strong></span> <span class='ocrx_word' id='word_1_330' title='bbox 1000 4087 1054 4146; x_wconf 88' lang='lat' dir='ltr'>hec</span> <span class='ocrx_word' id='word_1_331' title='bbox 1072 4103 1144 4160; x_wconf 85' lang='lat' dir='ltr'>que;</span> <span class='ocrx_word' id='word_1_332' title='bbox 1166 4098 1237 4140; x_wconf 79' lang='lat' dir='ltr'>mox</span> <span class='ocrx_word' id='word_1_333' title='bbox 1251 4078 1379 4138; x_wconf 83' lang='lat' dir='ltr'>DGJLP</span> 
     </span>
     <span class='ocr_line' id='line_1_37' title="bbox 237 4167 1380 4253; baseline -0.005 -25"><span class='ocrx_word' id='word_1_334' title='bbox 237 4180 345 4232; x_wconf 88' lang='lat' dir='ltr'>secrete</span> <span class='ocrx_word' id='word_1_335' title='bbox 362 4207 405 4253; x_wconf 67' lang='lat' dir='ltr'>‘T</span> <span class='ocrx_word' id='word_1_336' title='bbox 428 4169 462 4238; x_wconf 69' lang='grc' dir='ltr'>(ὅ)</span> <span class='ocrx_word' id='word_1_337' title='bbox 487 4175 808 4250; x_wconf 82' lang='lat' dir='ltr'>CDEMPpervenerii3</span> <span class='ocrx_word' id='word_1_338' title='bbox 831 4192 902 4233; x_wconf 75' lang='lat' dir='ltr'>moro</span> <span class='ocrx_word' id='word_1_339' title='bbox 924 4173 1127 4250; x_wconf 79' lang='lat' dir='ltr'>Mnegligeiur</span> <span class='ocrx_word' id='word_1_340' title='bbox 1170 4167 1380 4242; x_wconf 81' lang='lat' dir='ltr'>Pnegligenter</span> 
     </span>
     <span class='ocr_line' id='line_1_38' title="bbox 237 4250 1379 4337; baseline -0.021 -2"><span class='ocrx_word' id='word_1_341' title='bbox 237 4255 417 4337; x_wconf 81' lang='lat' dir='ltr'>Lnegligant</span> <span class='ocrx_word' id='word_1_342' title='bbox 437 4295 481 4305; x_wconf 87' lang='lat'>-</span> <span class='ocrx_word' id='word_1_343' title='bbox 504 4259 537 4324; x_wconf 81' lang='lat'>(7)</span> <span class='ocrx_word' id='word_1_344' title='bbox 560 4263 809 4337; x_wconf 84' lang='lat' dir='ltr'>DMPrecipiatur</span> <span class='ocrx_word' id='word_1_345' title='bbox 851 4262 1026 4334; x_wconf 85' lang='lat' dir='ltr'>Lreeipisnt</span> <span class='ocrx_word' id='word_1_346' title='bbox 1046 4250 1146 4318; x_wconf 53' lang='lat'>.-›(8)</span> <span class='ocrx_word' id='word_1_347' title='bbox 1167 4253 1276 4312; x_wconf 78' lang='lat' dir='ltr'>Jcrcm</span> <span class='ocrx_word' id='word_1_348' title='bbox 1298 4256 1329 4323; x_wconf 91' lang='lat' dir='ltr'>l,</span> <span class='ocrx_word' id='word_1_349' title='bbox 1352 4256 1379 4312; x_wconf 82' lang='lat'>5.</span> 
     </span>
     <span class='ocr_line' id='line_1_39' title="bbox 237 4335 1378 4419; baseline -0.003 -14"><span class='ocrx_word' id='word_1_350' title='bbox 237 4373 280 4384; x_wconf 85' lang='lat'>-</span> <span class='ocrx_word' id='word_1_351' title='bbox 303 4339 336 4404; x_wconf 82' lang='grc'>(9)</span> <span class='ocrx_word' id='word_1_352' title='bbox 361 4351 448 4405; x_wconf 83' lang='lat' dir='ltr'>Amos</span> <span class='ocrx_word' id='word_1_353' title='bbox 472 4351 505 4419; x_wconf 87' lang='grc'>7,</span> <span class='ocrx_word' id='word_1_354' title='bbox 536 4352 579 4407; x_wconf 77' lang='grc'><strong>14.</strong></span> <span class='ocrx_word' id='word_1_355' title='bbox 604 4383 647 4396; x_wconf 82' lang='lat'>-</span> <span class='ocrx_word' id='word_1_356' title='bbox 669 4343 719 4410; x_wconf 76' lang='lat'>(10)</span> <span class='ocrx_word' id='word_1_357' title='bbox 743 4347 862 4414; x_wconf 88' lang='lat' dir='ltr'>DMille</span> <span class='ocrx_word' id='word_1_358' title='bbox 891 4341 997 4408; x_wconf 79' lang='grc'><strong>-(11)</strong></span> <span class='ocrx_word' id='word_1_359' title='bbox 1020 4342 1129 4403; x_wconf 83' lang='lat' dir='ltr'>AEHP</span> <span class='ocrx_word' id='word_1_360' title='bbox 1145 4341 1228 4400; x_wconf 86' lang='lat' dir='ltr'>Cristi</span> <span class='ocrx_word' id='word_1_361' title='bbox 1256 4372 1300 4383; x_wconf 94' lang='lat'>-</span> <span class='ocrx_word' id='word_1_362' title='bbox 1327 4335 1378 4402; x_wconf 74' lang='grc' dir='ltr'>(Ῑῖ)</span> 
     </span>
     <span class='ocr_line' id='line_1_40' title="bbox 237 4427 984 4508; baseline -0.017 -18"><span class='ocrx_word' id='word_1_363' title='bbox 237 4427 357 4490; x_wconf 83' lang='lat' dir='ltr'>DELet</span> <span class='ocrx_word' id='word_1_364' title='bbox 399 4432 523 4508; x_wconf 78' lang='lat' dir='ltr'>Batque</span> <span class='ocrx_word' id='word_1_365' title='bbox 659 4494 661 4498; x_wconf 23' lang='lat'>¹</span> <span class='ocrx_word' id='word_1_366' title='bbox 982 4430 984 4436; x_wconf 87' lang='lat'>&#39;</span> 
     </span>
    </p>
   </div>
   <div class='ocr_carea' id='block_1_5' title="bbox 0 0 1632 5130">
    <p class='ocr_par' dir='ltr' id='par_1_6' title="bbox 0 0 1632 5130">
     <span class='ocr_line' id='line_1_41' title="bbox 0 0 1632 5130; baseline 0 0"><span class='ocrx_word' id='word_1_367' title='bbox 0 0 1632 5130; x_wconf 95' lang='lat' dir='ltr'> </span> 
     </span>
    </p>
   </div>
  </div>
 </body>
</html>
