3232 5130
1334 429 1375 492 73
1416 440 1432 459 ··

234 562 303 627 dius
328 560 442 626 tercius
464 564 586 625 tantmn
608 561 753 628 extulisti.
786 559 972 627 vicissitudo
1001 577 1134 642 namque
1155 560 1295 643 predicta
1313 581 1376 629 uon

235 665 335 730 solum
356 664 389 726 in
409 667 533 732 terreno
555 682 669 746 amore,
692 682 799 730 verum
821 665 917 729 eciam
939 664 972 728 in
993 662 1047 730 tu'o
1068 663 1191 729 videtur
1204 665 1306 731 locum
1320 667 1376 732 ha·

233 766 377 850 bere(l·).
409 766 669 849 Frequentissime
690 769 772 833 enim
802 765 988 840 donnons
1016 766 1149 843 amantis
1177 767 1210 832 in
1238 767 1382 843 thalamo,

106 910 109 915 -
234 871 335 937 cordis
357 871 492 952 quietius
513 877 546 938 11
567 872 681 937 habere
701 876 808 954 putat,
832 875 872 936 et
901 871 1005 936 111111
1033 872 1221 954 sempiterno
1242 872 1375 939 brachiis

234 975 347 1041 amoris
377 979 409 1039 te
437 975 496 1040 sibi
524 976 741 1041 constrinxisse
768 974 1015 1057 inseparabiliter
1036 975 1253 1066 1111111111
1272 961 1383 1069 subito.
1451 1042 1453 1047 ,

235 1079 287 1160 qui
298 1077 347 1162 (3)
358 1078 517 1160 putabaris
532 1079 650 1159 adesse,
663 1079 766 1144 nescio
782 1097 843 1159 quo
855 1076 986 1169 aufugis,
1009 1079 1107 1159 etqui
1124 1079 1375 1164 estimationem)

235 1167 428 1247 constrictus
440 1192 523 1261 esse,
545 1179 667 1262 lougius
688 1181 823 1261 recedis,
847 1184 879 1246 11
899 1198 962 1247 111
985 1198 1143 1263 conpares,
1165 1182 1221 1246 sed
1241 1184 1376 1247 animam

234 1285 340 1350 dolore
361 1285 486 1367 plenam
506 1289 578 1367 post
599 1288 631 1348 te
654 1270 853 1365 derelinquis..
881 1284 924 1357 lit
945 1284 1019 1348 dum
1038 1298 1091 1350 cor
1108 1285 1240 1350 amantis
1257 1289 1330 1368 post
1343 1289 1377 1352 11

234 1389 341 1468 ardet,
364 1389 521 1453 animate
542 1378 622 1468 sitit,
647 1391 679 1452 et
701 1406 811 1470 corpus
833 1385 988 1451 infirmum
1008 1387 1200 1469 languescit,
1223 1393 1255 1454 te
1275 1390 1376 1463 solum

235 1493 360 1556 unicum
383 1492 484 1587 cordis
512 1492 660 1584 gaudium
688 1491 762 1582 totis
792 1489 917 1572 cupiens
944 1491 1126 1557 visceribus:
1154 1492 1316 1568 1111111111
1344 1495 1378 1569 11
1489 1496 1490 1500 ’

234 1596 324 1676 quasi
355 1595 550 1677 aspernando
578 1595 696 1659 nullum
723 1594 847 1660 omnino
880 1593 935 1660 das
967 1584 1156 1677 intelligibile
1182 1613 1375 1679 responsum.

234 1697 316 1774 Quid
338 1702 386 1762 est
406 1698 486 1762 hoc?
505 1697 664 1780 Numquid
685 1717 747 1764 nou
768 1698 886 1780 inpium
903 1715 941 1764 ac
956 1698 1080 1764 crudele
1093 1702 1142 1764 est
1155 1698 1292 1780 nimium,
1304 1716 1377 1764 cou-
1419 1737 1423 1743 ι
1490 1698 1497 1709 ’

232 1801 418 1867 descendere
427 1792 509 1867 nolle
520 1802 548 1866 ei
559 1819 650 1884 quem
662 1801 710 1886 (5)
721 1802 788 1884 ipse
798 1802 990 1868 vulnerasti?
1004 1801 1240 1868 SAPIENOIA:
1255 1801 1376 1884 Magni·

232 1905 307 1970 tudo
330 1909 362 1969 et
378 1905 574 1986 pulchritudo
591 1905 753 1972 cuiuslibet
767 1910 908 1974 creature
919 1907 1035 1989 poterit
1048 1925 1105 1988 pro
1118 1924 1169 1971 me
1178 1906 1375 1988 respondere.

233 1995 510 2078 DISCIPULUS:
527 2009 686 2090 Numquid
707 2008 820 2075 sufficit
841 2009 900 2075 hoc
911 2009 959 2094 (6)
970 2011 1072 2075 anime
1100 2009 1262 2076 amorosel
1288 2009 1378 2074 Licet

234 2111 315 2175 enim
336 2114 424 2175 tuam
444 2112 620 2192 potenciam
641 2113 828 2194 sapienciam
850 2117 883 2178 et
902 2113 1073 2178 bonitatem
1093 2113 1168 2178 inibi
1179 2112 1317 2177 relucere
1329 2112 1377 2176 in·

234 2213 412 2277 dubitanter
434 2215 624 2296 cognoscat(
646 2214 670 2297 ),
694 2218 726 2279 et
746 2219 779 2280 te
799 2233 857 2296 per
877 2215 937 2280 hoc
958 2214 1046 2295 quasi
1066 2232 1124 2296 per
1144 2214 1299 2300 quoddam
1308 2231 1377 2278 111-

234 2316 486 2400 tigiumsumme
508 2315 670 2396 pulchrum
692 2320 724 2380 et
743 2315 859 2403 bonum
881 2334 950 2381 esse
970 2316 1138 2397 intelligat,
1161 2316 1252 2397 longe
1272 2319 1377 2380 tamen
1435 2364 1442 2372 .

236 2418 338 2483 adhuc
359 2418 454 2483 distat
475 2437 495 2482 a
516 2437 572 2484 suo
594 2417 656 2501 fine
678 2418 862 2486 desiderato.
906 2417 1140 2484 SAPIENOIA:
1170 2419 1203 2484 Si
1228 2419 1288 2484 hoc
1314 2437 1377 2484 uon

235 2520 357 2602 sufficit,
380 2522 490 2616 saltem
513 2523 553 2588 11
573 2539 663 2587 sacra
675 2522 829 2604 scriptura
844 2527 988 2587 contenta
1001 2523 1051 2603 sit,
1066 2523 1120 2588 ubi
1132 2541 1182 2587 me
1192 2521 1378 2601 sufficienter

235 2626 263 2691 si
285 2626 413 2706 diligens
424 2624 528 2705 fuerit,
551 2627 667 2718 poterit
678 2625 825 2715 invenire.
859 2625 1034 2705 Quamlibet
1044 2626 1189 2708 paginam
1204 2626 1379 2708 prolittera

235 2746 387 2809 amorosa,
409 2733 568 2810 tamquam
588 2729 621 2794 in
642 2729 757 2798 amoris
778 2728 925 2802 solacium
945 2747 1003 2811 per
1022 2747 1073 2794 me
1094 2730 1152 2795 sibi
1165 2729 1378 2795 transmissam

235 2833 395 2915 suscipiat;
419 2833 492 2914 quia
513 2839 714 2915 quecumque·
726 2833 843 2914 scripta
863 2837 945 2912 sunt,
968 2833 1008 2898 ad
1027 2833 1268 2899 consolaciouem
1281 2832 1378 2915 ipsius

234 2936 350 3017 scripta
370 2941 459 3015 sunt,
474 2935 522 3019 (8)
534 2936 575 3001 ad
602 2936 848 3002 sublevacionem
872 2936 945 3017 ¹spei
967 2940 999 3000 et
1020 2936 1279 3003 instaurationem
1301 2922 1378 3001 cari·

234 3039 319 3104 tatis.
352 3039 464 3105 Nonne
485 3040 543 3104 hec
563 3040 620 3105 tibi
640 3040 785 3105 uidentur
806 3043 989 3121 argumenta
999 3039 1172 3104 dileccionis
1186 3033 1302 3104 amanti
1314 3037 1379 3105 suf-

234 3141 326 3207 ficere
348 3142 482 3208 debere?
502 3142 763 3209 DISCIPULUS:
794 3143 821 3209 Ο
850 3144 948 3209 tocius
978 3143 1127 3225 magistra
1138 3143 1186 3227 (9)
1198 3145 1313 3210 amoris
1341 3161 1378 3208 ac

236 3244 419 3325 dileccionis,
444 3265 540 3327 quare
562 3247 607 3312 sic
627 3247 782 3329 loqueris?
803 3247 961 3328 Numquid
981 3247 1044 3312 uon
1066 3265 1099 3313 es
1120 3265 1212 3312 venis
1237 3245 1379 3311 amator?

236 3349 394 3430 Numquid
415 3368 478 3414 non
500 3355 532 3415 et
553 3355 717 3432 preceptor
737 3350 873 3416 amoris?
899 3350 943 3415 Et
964 3355 1000 3414 ut
1019 3351 1128 3416 melius
1150 3351 1265 3430 dicam,
1296 3353 1379 3413 certe

236 3470 323 3517 amor
343 3453 410 3534 ipse
431 3471 473 3517 es.
507 3454 610 3534 Jgitur
622 3472 695 3519 vere
710 3458 742 3518 et
755 3453 965 3519 indubitanter
975 3454 1058 3519 nosti
1072 3453 1264 3519 condiciones
1277 3451 1383 3517 cordis

235 3556 384 3634 amorosi;
408 3541 440 3619 11
461 3556 530 3621 ideo
552 3560 617 3621 tam
639 3557 739 3622 alieno
761 3557 853 3622 modo
875 3548 960 3636 loqui
982 3556 1022 3620 de
1044 3573 1149 3622 arnone
1170 3560 1203 3620 te
1223 3573 1285 3620 non
1307 3571 1380 3619 con·

235 3658 328 3722 veuit.
362 3657 490 3724 Tuscis
513 3659 540 3725 Ο
563 3677 651 3725 amor
664 3660 734 3744 (10)
747 3664 869 3739 eterne,
900 3658 973 3739 quia
1000 3658 1116 3721 amanti
1137 3657 1228 3722 nimis
1248 3674 1379 3737 parvum

165 3834 168 3835 ⁷
236 3765 294 3841 est,
317 3760 466 3842 quidquid
487 3761 546 3828 hoc
568 3767 615 3828 est
637 3763 720 3846 quod
741 3780 832 3828 suum
854 3744 991 3825 amatum
1005 3778 1069 3825 non
1083 3763 1141 3825 est.
1174 3758 1276 3825 Nichil
1297 3758 1379 3824 enim

236 3864 353 3928 amanti
373 3862 485 3929 sufficit
505 3865 565 3930 nisi
585 3866 687 3946 ipsum
703 3868 841 3956 amatum
856 3882 926 3929 cum
940 3881 1067 3946 presens
1081 3862 1183 3927 fuerit.
1216 3863 1266 3927 En
1279 3861 1379 3928 factus

236 3986 269 4033 cs
291 3968 324 4032 11
346 3967 438 4033 corde
459 3986 530 4033 meo
552 3967 640 4049 quasi
660 3969 740 4050 ignis
762 3972 897 4048 estuans,
920 3968 1103 4049 claususque
1116 3967 1149 4031 in
1162 3967 1281 4033 ossibus
1291 3967 1378 4047 mois,
1518 4033 1526 4044 s

301 4154 335 4224 (1)
357 4159 386 4219 A
396 4160 493 4220 locum
514 4159 626 4219 videtur
646 4160 753 4221 habere
796 4161 850 4220 DP
861 4161 975 4221 videtur
995 4160 1102 4220 habere
1123 4159 1217 4218 locum
1228 4192 1273 4202 —
1294 4154 1328 4223 (2)
1350 4157 1387 4248 Αδ

236 4249 433 4306 1111111111-
453 4241 487 4311 (3)
509 4247 563 4305 DF
575 4246 704 4323 quando;
727 4264 798 4307 mox
819 4247 1060 4324 Dputaberis—
1082 4240 1116 4310 (4)
1139 4245 1191 4305 cb
1204 4246 1380 4307 estimaberio

236 4367 280 4377 -
301 4329 335 4397 (5)
357 4332 627 4410 BGHquam—
648 4328 683 4399 (6)
707 4329 877 4394 ODLPlioc
899 4333 1060 4392 sufficit—
1080 4327 1115 4396 (⁷)
1137 4331 1183 4392 JL
1193 4332 1386 4413 recognoscat
1491 4388 1496 4397 .

235 4414 335 4483 -.(8)
359 4414 1123 4514 111111-19111111111-110111111
1136 4426 1247 4482 amator
1284 4491 1286 4496 Ι
1341 4425 1344 4433 ’
