3232 5130
1311 373 1374 434 213

241 507 382 579 ordinate
396 507 594 598 componendo
619 512 651 573 et
671 506 927 593 connumerando,
949 507 1138 575 auditoribus
1155 508 1374 592 proponam),

241 617 274 678 et
295 611 433 678 diffirsius
454 612 682 694 pertractando,
706 613 746 678 ad
767 613 886 695 libitum
902 613 1099 677 collacionem
1111 611 1204 676 faeiat
1218 610 1374 678 motivam.

240 717 381 796 Quodam
403 721 506 782 antem
529 717 717 797 diligentiori
737 710 877 805 indigent
897 717 1154 799 perscrutacione.
1190 715 1286 782 Verbi
1305 734 1375 797 gra·

240 822 296 887 oia.
329 822 371 885 Jn
391 821 491 902 prima
511 822 642 885 materia
663 822 803 904 superius
826 808 928 904 posita
950 821 989 886 de
1010 824 1112 884 tractu
1119 818 1167 903 (2)
1174 820 1286 900 divino,
1308 820 1376 885 dili·

239 941 314 1004 gens
335 925 434 990 lector
453 925 588 992 inveniet
608 926 688 990 inter
710 927 780 1006 alia,
804 908 1051 1010 desponsacionis
1073 925 1247 989 divinabas
1259 925 1397 990 utilia·

239 1032 303 1095 tos:
325 1029 375 1093 Ex
395 1029 454 1094 boc
474 1047 607 1124 namque
628 1029 786 1094 habebunt
801 1029 989 1120 consciencie
998 1028 1176 1110 puritatem,
1199 1029 1310 1093 mentis
1328 1047 1376 1093 se-

240 1133 402 1199 curitatem
410 1132 469 1216 (3),
491 1132 573 1197 lame
588 1133 768 1212 claritatem,
791 1133 923 1202 nominis
935 1133 1198 1211 inmortalitatem,
1210 1133 1376 1213 spiritualis

240 1237 452 1304 delectacionis
474 1255 511 1302 ao
531 1237 714 1318 gaudiorum
729 1222 901 1304 divinorum
911 1235 1173 1303 affluentissimam
1186 1237 1376 1318 ubertatem,

238 1359 402 1422 sompnum
424 1343 560 1424 quietum
583 1342 656 1423 quia
676 1360 818 1407 secmum
839 1328 1055 1431 ¹protectorem,
1077 1342 1207 1423 gloriam
1228 1345 1260 1406 et
1280 1342 1377 1408 hono-

238 1464 305 1511 rem
326 1465 364 1512 ac
383 1446 572 1528 perhennem
593 1446 780 1511 felicitatem.
810 1442 870 1524 Qui
892 1465 960 1512 earn
975 1447 1034 1512 sibi
1046 1447 1078 1511 in
1093 1447 1223 1511 amicam
1237 1447 1366 1517 assumit

239 1550 350 1615 decore
369 1551 433 1616 vite
455 1552 658 1630 decorabitur,
681 1551 762 1616 stola
782 1526 879 1638 gloiie
900 1551 1058 1630 vestietur,
1082 1555 1114 1616 et
1135 1569 1247 1616 corona
1270 1555 1376 1633 gratu-

237 1653 364 1719 laoionis
386 1654 597 1733 coronabitur;
620 1674 678 1736 pro
699 1655 819 1719 modico
853 1655 947 1719 abore
968 1672 1081 1734 magna
1104 1654 1212 1735 requie·
1238 1653 1376 1736 perfrue-

237 1763 304 1839 tur,
335 1762 368 1822 et
396 1777 470 1823 vera
498 1763 592 1840 atque
612 1758 750 1840 perlecta
771 1759 829 1823 bea
854 1759 960 1822 tudine
982 1776 1041 1839 que
1062 1759 1094 1822 iu
1116 1759 1376 1841 contemplacione

236 1863 348 1927 summi
368 1863 494 1944 verique
515 1863 588 1928 boni
603 1863 745 1929 consistit·
756 1863 836 1928 beat'
861 1863 988 1928 cabitur.
1018 1862 1102 1926 Jtem
1116 1863 1175 1927 erit
1190 1862 1376 1937 honorabilis

237 1970 269 2028 et
290 1966 455 2045 graciosus,
477 1965 621 2046 pacificus
645 1971 676 2030 et
696 1965 881 2046 fortunatus,
905 1967 1027 2048 sapiens
1040 1970 1133 2047 atque
1144 1971 1298 2046 expertus,
1313 1967 1376 2047 spi

237 2050 356 2132 ritualis
378 2085 414 2131 ac
436 2069 566 2148 divinus,
590 2071 738 2149 amabilis,
765 2075 797 2134 et
818 2048 1126 2215 offnniumbonorum
1148 2079 1307 2149 possessor
1328 2088 1376 2134 se·

237 2190 338 2236 eurus.
520 2203 523 2210 »
840 2222 845 2239 .

302 2276 387 2340 aem
409 2275 489 2340 circa
509 2277 671 2341 matonam
694 2278 733 2342 ae
747 2242 865 2351 arada
877 2267 1051 2365 penitencia
1063 2282 1138 2344 noa
1147 2278 1271 2358 ibidem,
1294 2278 1377 2359 quoe

236 2379 295 2444 hec
316 2379 398 2443 mala
419 2380 501 2444 inter
523 2380 583 2453 alia
603 2385 764 2465 peccatum
787 2359 1223 2465 corisecuntur·(]4),·3videlicet
1236 2401 1309 2447 seva
1321 2400 1375 2464 pe·
1429 2396 1432 2401 ·

236 2484 379 2563 nitencia,
402 2485 534 2565 gemitus
558 2489 592 2549 et
610 2484 710 2566 fletus,
732 2482 889 2581 merorffot
909 2487 1048 2565 tristicia,
1072 2490 1104 2550 et
1126 2486 1225 2551 cordis
1250 2486 1374 2568 clamor,
1471 2527 1474 2531 ·

237 2593 330 2671 atque
351 2589 483 2659 miserta.
512 2590 599 2654 Deus
619 2591 770 2672 perditur,
794 2590 993 2676 etlbpanima
1014 2591 1126 2656 misera
1148 2609 1167 2654 a
1187 2609 1307 2656 summo
1320 2592 1375 2656 bo-

235 2711 277 2758 no
299 2699 470 2775 separatur.
505 2694 624 2760 Graciis
646 2695 782 2789 nudatur
809 2682 846 2771 ad
866 2696 954 2761 donis
966 2682 1014 2780 (6)
1027 2696 1186 2761 celestibus
1214 2695 1379 2777 spoliatur..
1413 2771 1416 2777 ¹

237 2795 421 2863 scansione
435 2799 582 2879 induitur,
605 2801 814 2881 etiguominia
838 2786 969 2883 ‘pletrun
999 2800 1167 2882 Decipitur,
1190 2799 1376 2881 derelinqui·

235 2906 296 2983 tur,
320 2907 352 2968 et
374 2904 600 2985 quodammodo
621 2904 710 2969 bonis
737 2907 820 2970 omni
898 2896 1047 2988 privatur.
1078 2905 1231 2970 Remorsu
1249 2905 1374 2987 proprie

236 3008 423 3072 consciencie
444 3009 606 3087 cruciatur,
628 3009 737 3074 vivens
754 3008 894 3093 moritur,
917 3029 954 3076 ac
973 3028 1066 3076 sanus
1088 3010 1221 3075 existens
1247 3009 1374 3091 langui·

180 3157 182 3160 -
236 3110 294 3175 dus
316 3109 454 3176 efficitur.
483 3111 604 3177 Nomen
621 3131 738 3201 sponse
759 3098 884 3203 amittit,
908 3114 999 3179 deum
1021 3113 1157 3195 offendit,
1179 3115 1314 3197 seipsum
1322 3115 1372 3199 (7)

234 3215 346 3296 perdit.
374 3214 564 3280 Salvatorem
578 3217 743 3283 inhonorat
751 3218 808 3301 (8),
831 3210 969 3298 mimicos
982 3217 1119 3298 letificat,
1132 3223 1256 3284 sanctos
1267 3222 1371 3284 autem
1458 3228 1463 3234 “
1496 3235 1497 3239 ’

235 3318 360 3399 angelos
389 3319 561 3384 contristat.
582 3321 782 3403 'Replebitm
808 3304 992 3447 verecundia
1018 3341 1133 3405 pavore
1161 3325 1194 3387 et
1219 3323 1374 3404 angustia.

234 3421 399 3488 Peccatum
421 3428 523 3489 astute
537 3420 691 3490 hominem
705 3427 913 3507 circumvenit,
936 3425 1037 3491 aufert
1049 3444 1182 3505 sensum,
1206 3430 1372 3492 mrtrans-

234 3525 302 3608 figit
312 3526 371 3609 (9),
394 3532 427 3592 et
448 3529 535 3619 suari
548 3529 649 3595 toxico
664 3529 819 3595 hominem
833 3530 944 3613 perdit.
967 3530 1080 3596 Oculos
1094 3531 1267 3612 spirituales
1281 3531 1370 3611 orarit,

234 3630 377 3712 spiritum
398 3637 538 3697 sanctum
563 3632 665 3715 fugat,
689 3639 721 3699 et
740 3635 836 3700 robur
854 3653 948 3700 omne
968 3634 1059 3700 tollit.
1094 3634 1244 3699 Peccator
1262 3633 1372 3715 gladiis

233 3735 426 3800 inimicorum
447 3736 572 3802 inermis
594 3738 732 3818 obicitur,
754 3739 788 3802 in
808 3754 842 3804 se
859 3738 1027 3819 marcessit,
1052 3743 1083 3803 et
1098 3739 1288 3819 sibimetipsi
1300 3756 1371 3819 gra·

233 3839 280 3904 vis
302 3837 441 3904 efficitur.
465 3839 604 3906 Aboram
625 3841 707 3908 bona
719 3841 834 3923 videns,
858 3826 988 3925 amplius
1004 3843 1043 3907 de
1056 3838 1119 3908 suis
1130 3842 1326 3933 confunditur
1339 3848 1371 3909 et

235 3944 443 4010 conturbatur.
476 3944 641 4011 Peccatum
662 3945 787 4031 plumbo
799 3947 931 4028 etleoui‚
947 3947 1083 4013 tonitruo
1095 3951 1127 4012 et
1139 3946 1369 4032 absinthio(10)

298 4099 334 4170 (1)
358 4104 586 4182 ODPpreponat
613 4139 658 4149 —
686 4101 721 4172 (²)
744 4075 993 4168 acJMtraccatu'
1009 4141 1054 4151 —
1083 4101 1119 4172 (3)
1146 4107 1369 4167 Maerenitatem

233 4223 277 4233 —
299 4185 335 4255 (4)
357 4195 401 4250 ita
422 4191 520 4251 EGH:
544 4192 712 4253 Lsecuntur
754 4195 999 4270 Bsequnntur—
1021 4188 1058 4260 (5)
1081 4202 1110 4254 et
1131 4212 1179 4253 om
1202 4194 1370 4255 CHMP-

235 4270 270 4340 (ὅ)
293 4276 473 4339 GDMbonls
493 4313 538 4325 -
559 4275 595 4345 (7)
619 4280 696 4339 CDP
707 4284 829 4358 seipsam
846 4315 891 4325 -
912 4276 948 4346 (8)
969 4283 994 4341 Ρ
1015 4281 1178 4341 anonorat
1197 4281 1368 4342 salvatorem

235 4362 258 4421 G
280 4363 358 4423 Dum
379 4366 531 4427 inhonorat
551 4367 724 4429 salvatorem
745 4402 789 4412 -
810 4363 889 4437 (9),J
898 4368 1057 4445 baaslinglt
1099 4367 1156 4428 GH
1166 4368 1311 4445 tranfiugit
1324 4403 1368 4415 -

235 4442 289 4512 (10)
311 4449 356 4510 FJ
366 4452 515 4514 absintheo
