<?xml version="1.0" encoding="UTF-8"?>
<!DOCTYPE html PUBLIC "-//W3C//DTD XHTML 1.0 Transitional//EN"
    "http://www.w3.org/TR/xhtml1/DTD/xhtml1-transitional.dtd">
<html xmlns="http://www.w3.org/1999/xhtml" xml:lang="en" lang="en">
 <head>
  <title>
</title>
<meta http-equiv="Content-Type" content="text/html;charset=utf-8" />
  <meta name='ocr-system' content='tesseract 3.04.00' />
  <meta name='ocr-capabilities' content='ocr_page ocr_carea ocr_par ocr_line ocrx_word'/>
</head>
<body>
  <div class='ocr_page' id='page_1' title='image "./henricisusoniss00seusgoog_0044.png"; bbox 0 0 3232 5130; ppageno 0'>
   <div class='ocr_carea' id='block_1_1' title="bbox 1336 381 1375 441">
    <p class='ocr_par' dir='ltr' id='par_1_1' title="bbox 1336 381 1375 441">
     <span class='ocr_line' id='line_1_1' title="bbox 1336 381 1375 441; baseline 0.026 -1"><span class='ocrx_word' id='word_1_1' title='bbox 1336 381 1375 441; x_wconf 78' lang='lat'><strong>39</strong></span> 
     </span>
    </p>
   </div>
   <div class='ocr_carea' id='block_1_2' title="bbox 169 527 1412 2273">
    <p class='ocr_par' dir='ltr' id='par_1_2' title="bbox 169 527 1412 2273">
     <span class='ocr_line' id='line_1_2' title="bbox 234 527 1376 614; baseline -0.001 -22"><span class='ocrx_word' id='word_1_2' title='bbox 234 528 332 608; x_wconf 89' lang='lat' dir='ltr'><strong>dens,</strong></span> <span class='ocrx_word' id='word_1_3' title='bbox 356 528 409 609; x_wconf 88' lang='lat' dir='ltr'><strong>qui</strong></span> <span class='ocrx_word' id='word_1_4' title='bbox 429 546 493 592; x_wconf 89' lang='lat' dir='ltr'><strong>non</strong></span> <span class='ocrx_word' id='word_1_5' title='bbox 515 527 674 593; x_wconf 77' lang='lat' dir='ltr'><strong>comedere</strong></span> <span class='ocrx_word' id='word_1_6' title='bbox 695 548 753 593; x_wconf 90' lang='lat' dir='ltr'><strong>nec</strong></span> <span class='ocrx_word' id='word_1_7' title='bbox 775 529 932 609; x_wconf 85' lang='lat' dir='ltr'><strong>quiescere</strong></span> <span class='ocrx_word' id='word_1_8' title='bbox 954 530 1037 608; x_wconf 91' lang='lat' dir='ltr'><strong>sinit,</strong></span> <span class='ocrx_word' id='word_1_9' title='bbox 1059 531 1115 595; x_wconf 89' lang='lat' dir='ltr'><strong>sed</strong></span> <span class='ocrx_word' id='word_1_10' title='bbox 1136 530 1376 614; x_wconf 84' lang='lat' dir='ltr'><strong>pierumque(1)</strong></span> 
     </span>
     <span class='ocr_line' id='line_1_3' title="bbox 233 630 1377 715; baseline 0.003 -20"><span class='ocrx_word' id='word_1_11' title='bbox 233 631 331 695; x_wconf 92' lang='lat' dir='ltr'><strong>eciam</strong></span> <span class='ocrx_word' id='word_1_12' title='bbox 352 631 540 696; x_wconf 83' lang='lat' dir='ltr'><strong>dormientes</strong></span> <span class='ocrx_word' id='word_1_13' title='bbox 561 630 690 697; x_wconf 87' lang='lat' dir='ltr'><strong>horrore</strong></span> <span class='ocrx_word' id='word_1_14' title='bbox 711 633 856 697; x_wconf 81' lang='lat' dir='ltr'>concutit.</span> <span class='ocrx_word' id='word_1_15' title='bbox 897 631 958 697; x_wconf 86' lang='lat' dir='ltr'><strong>Tot</strong></span> <span class='ocrx_word' id='word_1_16' title='bbox 986 637 1019 697; x_wconf 89' lang='grc' dir='ltr'><strong>θῖ</strong></span> <span class='ocrx_word' id='word_1_17' title='bbox 1040 638 1128 697; x_wconf 87' lang='lat' dir='ltr'><strong>tanta</strong></span> <span class='ocrx_word' id='word_1_18' title='bbox 1149 638 1222 698; x_wconf 92' lang='lat' dir='ltr'><strong>sunt</strong></span> <span class='ocrx_word' id='word_1_19' title='bbox 1250 652 1310 715; x_wconf 90' lang='lat' dir='ltr'><strong>que</strong></span> <span class='ocrx_word' id='word_1_20' title='bbox 1330 633 1377 698; x_wconf 92' lang='lat' dir='ltr'><strong>in·</strong></span> 
     </span>
     <span class='ocr_line' id='line_1_4' title="bbox 234 733 1377 820; baseline 0.004 -23"><span class='ocrx_word' id='word_1_21' title='bbox 234 735 393 815; x_wconf 89' lang='lat' dir='ltr'><strong>quinatam</strong></span> <span class='ocrx_word' id='word_1_22' title='bbox 422 735 641 800; x_wconf 84' lang='lat' dir='ltr'><strong>conscienciam</strong></span> <span class='ocrx_word' id='word_1_23' title='bbox 670 735 794 814; x_wconf 91' lang='lat' dir='ltr'><strong>ledunt,</strong></span> <span class='ocrx_word' id='word_1_24' title='bbox 829 735 912 817; x_wconf 96' lang='lat' dir='ltr'><strong>quod</strong></span> <span class='ocrx_word' id='word_1_25' title='bbox 940 735 997 799; x_wconf 90' lang='lat' dir='ltr'><strong>hec</strong></span> <span class='ocrx_word' id='word_1_26' title='bbox 1025 733 1246 818; x_wconf 84' lang='lat' dir='ltr'><strong>incoinquinati</strong></span> <span class='ocrx_word' id='word_1_27' title='bbox 1260 737 1308 820; x_wconf 79' lang='lat'><strong>(2)</strong></span> <span class='ocrx_word' id='word_1_28' title='bbox 1326 737 1377 802; x_wconf 83' lang='lat' dir='ltr'><strong>vix</strong></span> 
     </span>
     <span class='ocr_line' id='line_1_5' title="bbox 235 837 1377 924; baseline 0.002 -22"><span class='ocrx_word' id='word_1_29' title='bbox 235 837 360 902; x_wconf 88' lang='lat' dir='ltr'><strong>credere</strong></span> <span class='ocrx_word' id='word_1_30' title='bbox 380 843 516 918; x_wconf 79' lang='lat' dir='ltr'><strong>possent.</strong></span> <span class='ocrx_word' id='word_1_31' title='bbox 556 838 706 924; x_wconf 86' lang='lat' dir='ltr'><strong>Creatura</strong></span> <span class='ocrx_word' id='word_1_32' title='bbox 727 840 809 903; x_wconf 92' lang='lat' dir='ltr'><strong>enim</strong></span> <span class='ocrx_word' id='word_1_33' title='bbox 831 844 885 903; x_wconf 91' lang='lat' dir='ltr'><strong>tua</strong></span> <span class='ocrx_word' id='word_1_34' title='bbox 906 840 963 904; x_wconf 87' lang='lat' dir='ltr'><strong>tibi</strong></span> <span class='ocrx_word' id='word_1_35' title='bbox 984 839 1095 905; x_wconf 82' lang='lat' dir='ltr'><strong>factori</strong></span> <span class='ocrx_word' id='word_1_36' title='bbox 1117 841 1302 919; x_wconf 87' lang='lat' dir='ltr'><strong>deserviens,</strong></span> <span class='ocrx_word' id='word_1_37' title='bbox 1324 859 1377 904; x_wconf 84' lang='lat' dir='ltr'><strong>ex-</strong></span> 
     </span>
     <span class='ocr_line' id='line_1_6' title="bbox 235 940 1376 1026; baseline 0.002 -21"><span class='ocrx_word' id='word_1_38' title='bbox 235 940 390 1006; x_wconf 81' lang='lat' dir='ltr'><strong>candescit</strong></span> <span class='ocrx_word' id='word_1_39' title='bbox 418 943 451 1006; x_wconf 91' lang='lat' dir='ltr'><strong>in</strong></span> <span class='ocrx_word' id='word_1_40' title='bbox 479 947 668 1008; x_wconf 84' lang='lat' dir='ltr'><strong>tormentum</strong></span> <span class='ocrx_word' id='word_1_41' title='bbox 698 943 846 1008; x_wconf 90' lang='lat' dir='ltr'><strong>adversus</strong></span> <span class='ocrx_word' id='word_1_42' title='bbox 874 944 1020 1022; x_wconf 90' lang='lat' dir='ltr'><strong>iniustos,</strong></span> <span class='ocrx_word' id='word_1_43' title='bbox 1056 948 1087 1007; x_wconf 92' lang='lat' dir='ltr'><strong>et</strong></span> <span class='ocrx_word' id='word_1_44' title='bbox 1108 944 1206 1008; x_wconf 91' lang='lat' dir='ltr'><strong>lenior</strong></span> <span class='ocrx_word' id='word_1_45' title='bbox 1218 943 1266 1026; x_wconf 88' lang='lat'><strong>(3)</strong></span> <span class='ocrx_word' id='word_1_46' title='bbox 1277 942 1313 1008; x_wconf 89' lang='lat' dir='ltr'><strong>fit</strong></span> <span class='ocrx_word' id='word_1_47' title='bbox 1334 942 1376 1009; x_wconf 91' lang='lat' dir='ltr'><strong>ad</strong></span> 
     </span>
     <span class='ocr_line' id='line_1_7' title="bbox 234 1043 1377 1128; baseline 0.003 -19"><span class='ocrx_word' id='word_1_48' title='bbox 234 1043 485 1109; x_wconf 86' lang='lat' dir='ltr'><strong>benefaciendum</strong></span> <span class='ocrx_word' id='word_1_49' title='bbox 498 1046 557 1111; x_wconf 90' lang='lat' dir='ltr'><strong>hiis</strong></span> <span class='ocrx_word' id='word_1_50' title='bbox 573 1047 625 1128; x_wconf 92' lang='lat' dir='ltr'><strong>qui</strong></span> <span class='ocrx_word' id='word_1_51' title='bbox 639 1047 717 1110; x_wconf 91' lang='lat' dir='ltr'><strong>inte</strong></span> <span class='ocrx_word' id='word_1_52' title='bbox 732 1045 899 1111; x_wconf 89' lang='lat' dir='ltr'><strong>confidunt.</strong></span> <span class='ocrx_word' id='word_1_53' title='bbox 936 1046 1003 1110; x_wconf 89' lang='lat' dir='ltr'><strong>Hcc</strong></span> <span class='ocrx_word' id='word_1_54' title='bbox 1015 1047 1085 1126; x_wconf 82' lang='lat' dir='ltr'><strong>dini,</strong></span> <span class='ocrx_word' id='word_1_55' title='bbox 1105 1047 1177 1127; x_wconf 92' lang='lat' dir='ltr'><strong>quia</strong></span> <span class='ocrx_word' id='word_1_56' title='bbox 1198 1047 1255 1111; x_wconf 90' lang='lat' dir='ltr'><strong>hec</strong></span> <span class='ocrx_word' id='word_1_57' title='bbox 1276 1047 1377 1113; x_wconf 87' lang='lat' dir='ltr'><strong>dicere</strong></span> 
     </span>
     <span class='ocr_line' id='line_1_8' title="bbox 234 1149 1378 1231; baseline 0.003 -20"><span class='ocrx_word' id='word_1_58' title='bbox 234 1149 426 1229; x_wconf 83' lang='lat' dir='ltr'><strong>experiencia</strong></span> <span class='ocrx_word' id='word_1_59' title='bbox 448 1149 560 1231; x_wconf 87' lang='lat' dir='ltr'><strong>docuit,</strong></span> <span class='ocrx_word' id='word_1_60' title='bbox 584 1155 616 1213; x_wconf 90' lang='lat' dir='ltr'><strong>et</strong></span> <span class='ocrx_word' id='word_1_61' title='bbox 637 1168 765 1230; x_wconf 89' lang='lat' dir='ltr'><strong>presens</strong></span> <span class='ocrx_word' id='word_1_62' title='bbox 787 1151 961 1214; x_wconf 83' lang='lat' dir='ltr'><strong>amaritudo</strong></span> <span class='ocrx_word' id='word_1_63' title='bbox 984 1150 1084 1215; x_wconf 86' lang='lat' dir='ltr'><strong>cordis</strong></span> <span class='ocrx_word' id='word_1_64' title='bbox 1106 1150 1168 1213; x_wconf 88' lang='lat' dir='ltr'><strong>mei</strong></span> <span class='ocrx_word' id='word_1_65' title='bbox 1186 1151 1378 1215; x_wconf 86' lang='lat' dir='ltr'><strong>amarissima</strong></span> 
     </span>
     <span class='ocr_line' id='line_1_9' title="bbox 234 1251 1378 1334; baseline 0.004 -20"><span class='ocrx_word' id='word_1_66' title='bbox 234 1252 275 1315; x_wconf 91' lang='lat' dir='ltr'><strong>ad</strong></span> <span class='ocrx_word' id='word_1_67' title='bbox 297 1251 354 1315; x_wconf 93' lang='lat' dir='ltr'><strong>hec</strong></span> <span class='ocrx_word' id='word_1_68' title='bbox 374 1270 425 1315; x_wconf 94' lang='lat' dir='ltr'><strong>me</strong></span> <span class='ocrx_word' id='word_1_69' title='bbox 445 1253 634 1333; x_wconf 88' lang='lat' dir='ltr'><strong>provocavit.</strong></span> <span class='ocrx_word' id='word_1_70' title='bbox 679 1254 750 1318; x_wconf 88' lang='lat' dir='ltr'><strong>Jam</strong></span> <span class='ocrx_word' id='word_1_71' title='bbox 773 1255 854 1318; x_wconf 90' lang='lat' dir='ltr'><strong>enim</strong></span> <span class='ocrx_word' id='word_1_72' title='bbox 875 1254 1001 1318; x_wconf 89' lang='lat' dir='ltr'><strong>miseria</strong></span> <span class='ocrx_word' id='word_1_73' title='bbox 1021 1271 1071 1318; x_wconf 89' lang='lat' dir='ltr'><strong>me</strong></span> <span class='ocrx_word' id='word_1_74' title='bbox 1093 1257 1263 1334; x_wconf 88' lang='lat' dir='ltr'><strong>premente,</strong></span> <span class='ocrx_word' id='word_1_75' title='bbox 1285 1271 1378 1334; x_wconf 82' lang='lat' dir='ltr'><strong>cogor</strong></span> 
     </span>
     <span class='ocr_line' id='line_1_10' title="bbox 234 1355 1378 1441; baseline 0 -21"><span class='ocrx_word' id='word_1_76' title='bbox 234 1356 407 1420; x_wconf 81' lang='lat' dir='ltr'><strong>exclamare</strong></span> <span class='ocrx_word' id='word_1_77' title='bbox 428 1360 461 1419; x_wconf 89' lang='lat' dir='ltr'><strong>et</strong></span> <span class='ocrx_word' id='word_1_78' title='bbox 483 1356 600 1435; x_wconf 84' lang='lat' dir='ltr'><strong>dicere,</strong></span> <span class='ocrx_word' id='word_1_79' title='bbox 631 1358 703 1441; x_wconf 86' lang='lat' dir='ltr'><strong>quia</strong></span> <span class='ocrx_word' id='word_1_80' title='bbox 724 1358 840 1421; x_wconf 90' lang='lat' dir='ltr'><strong>malum</strong></span> <span class='ocrx_word' id='word_1_81' title='bbox 862 1362 894 1421; x_wconf 92' lang='lat' dir='ltr'><strong>et</strong></span> <span class='ocrx_word' id='word_1_82' title='bbox 915 1376 1055 1421; x_wconf 92' lang='lat' dir='ltr'><strong>amarum</strong></span> <span class='ocrx_word' id='word_1_83' title='bbox 1078 1362 1124 1421; x_wconf 91' lang='grc' dir='ltr'><strong>θεῖ</strong></span> <span class='ocrx_word' id='word_1_84' title='bbox 1145 1357 1238 1421; x_wconf 92' lang='lat' dir='ltr'><strong>michi</strong></span> <span class='ocrx_word' id='word_1_85' title='bbox 1250 1355 1378 1438; x_wconf 68' lang='lat' dir='ltr'><strong>(etreli-</strong></span> 
     </span>
     <span class='ocr_line' id='line_1_11' title="bbox 169 1446 1378 1542; baseline 0.002 -19"><span class='ocrx_word' id='word_1_86' title='bbox 169 1446 177 1469; x_wconf 82' lang='lat'>&#39;</span> <span class='ocrx_word' id='word_1_87' title='bbox 235 1461 338 1541; x_wconf 87' lang='lat' dir='ltr'><strong>quisse</strong></span> <span class='ocrx_word' id='word_1_88' title='bbox 359 1470 507 1540; x_wconf 90' lang='lat' dir='ltr'><strong>sponsum</strong></span> <span class='ocrx_word' id='word_1_89' title='bbox 529 1478 642 1538; x_wconf 90' lang='lat' dir='ltr'><strong>meum,</strong></span> <span class='ocrx_word' id='word_1_90' title='bbox 663 1464 695 1523; x_wconf 91' lang='lat' dir='ltr'><strong>et</strong></span> <span class='ocrx_word' id='word_1_91' title='bbox 707 1462 860 1542; x_wconf 87' lang='lat' dir='ltr'><strong>preceptis</strong></span> <span class='ocrx_word' id='word_1_92' title='bbox 876 1461 941 1525; x_wconf 91' lang='lat' dir='ltr'><strong>eius</strong></span> <span class='ocrx_word' id='word_1_93' title='bbox 955 1480 1017 1525; x_wconf 91' lang='lat' dir='ltr'><strong>non</strong></span> <span class='ocrx_word' id='word_1_94' title='bbox 1032 1461 1269 1542; x_wconf 88' lang='lat' dir='ltr'><strong>obtemperasse.</strong></span> <span class='ocrx_word' id='word_1_95' title='bbox 1303 1459 1378 1537; x_wconf 82' lang='lat' dir='ltr'><strong>Quis</strong></span> 
     </span>
     <span class='ocr_line' id='line_1_12' title="bbox 234 1561 1377 1646; baseline -0.002 -19"><span class='ocrx_word' id='word_1_96' title='bbox 234 1562 327 1628; x_wconf 94' lang='lat' dir='ltr'><strong>michi</strong></span> <span class='ocrx_word' id='word_1_97' title='bbox 347 1562 401 1626; x_wconf 87' lang='lat' dir='ltr'><strong>det</strong></span> <span class='ocrx_word' id='word_1_98' title='bbox 421 1563 606 1626; x_wconf 88' lang='lat' dir='ltr'><strong>membranas</strong></span> <span class='ocrx_word' id='word_1_99' title='bbox 629 1563 685 1628; x_wconf 91' lang='lat' dir='ltr'><strong>celi</strong></span> <span class='ocrx_word' id='word_1_100' title='bbox 707 1563 855 1628; x_wconf 88' lang='lat' dir='ltr'><strong>habentes</strong></span> <span class='ocrx_word' id='word_1_101' title='bbox 877 1564 1087 1642; x_wconf 89' lang='lat' dir='ltr'><strong>latitudinem,</strong></span> <span class='ocrx_word' id='word_1_102' title='bbox 1110 1567 1318 1629; x_wconf 89' lang='lat' dir='ltr'><strong>atramentum</strong></span> <span class='ocrx_word' id='word_1_103' title='bbox 1329 1561 1377 1646; x_wconf 80' lang='lat'><strong>(5)</strong></span> 
     </span>
     <span class='ocr_line' id='line_1_13' title="bbox 233 1664 1379 1748; baseline -0.001 -17"><span class='ocrx_word' id='word_1_104' title='bbox 233 1667 328 1731; x_wconf 89' lang='lat' dir='ltr'><strong>maris</strong></span> <span class='ocrx_word' id='word_1_105' title='bbox 351 1664 502 1730; x_wconf 74' lang='lat' dir='ltr'><strong>ercedens</strong></span> <span class='ocrx_word' id='word_1_106' title='bbox 522 1667 740 1746; x_wconf 78' lang='lat' dir='ltr'><strong>quantitatem</strong></span> <span class='ocrx_word' id='word_1_107' title='bbox 764 1673 796 1730; x_wconf 92' lang='grc' dir='ltr'><strong>θῖ</strong></span> <span class='ocrx_word' id='word_1_108' title='bbox 817 1667 951 1732; x_wconf 86' lang='lat' dir='ltr'><strong>calamos</strong></span> <span class='ocrx_word' id='word_1_109' title='bbox 973 1672 1021 1731; x_wconf 94' lang='lat' dir='ltr'><strong>tot</strong></span> <span class='ocrx_word' id='word_1_110' title='bbox 1043 1673 1120 1748; x_wconf 92' lang='lat' dir='ltr'><strong>quot</strong></span> <span class='ocrx_word' id='word_1_111' title='bbox 1140 1668 1285 1732; x_wconf 89' lang='lat' dir='ltr'><strong>arborum</strong></span> <span class='ocrx_word' id='word_1_112' title='bbox 1305 1664 1379 1731; x_wconf 85' lang='lat' dir='ltr'><strong>folia</strong></span> 
     </span>
     <span class='ocr_line' id='line_1_14' title="bbox 234 1770 1379 1852; baseline 0 -18"><span class='ocrx_word' id='word_1_113' title='bbox 234 1775 267 1834; x_wconf 92' lang='lat' dir='ltr'><strong>et</strong></span> <span class='ocrx_word' id='word_1_114' title='bbox 278 1774 439 1851; x_wconf 89' lang='lat' dir='ltr'><strong>pratorum</strong></span> <span class='ocrx_word' id='word_1_115' title='bbox 454 1770 604 1849; x_wconf 82' lang='lat' dir='ltr'><strong>gramina,</strong></span> <span class='ocrx_word' id='word_1_116' title='bbox 627 1775 663 1833; x_wconf 89' lang='lat' dir='ltr'><strong>ut</strong></span> <span class='ocrx_word' id='word_1_117' title='bbox 683 1771 897 1851; x_wconf 85' lang='lat' dir='ltr'><strong>perstringere·</strong></span> <span class='ocrx_word' id='word_1_118' title='bbox 913 1789 1037 1852; x_wconf 89' lang='lat' dir='ltr'><strong>possem</strong></span> <span class='ocrx_word' id='word_1_119' title='bbox 1056 1771 1206 1850; x_wconf 89' lang='lat' dir='ltr'><strong>dolorem,</strong></span> <span class='ocrx_word' id='word_1_120' title='bbox 1227 1770 1379 1852; x_wconf 89' lang='lat' dir='ltr'><strong>simulque</strong></span> 
     </span>
     <span class='ocr_line' id='line_1_15' title="bbox 234 1872 1412 1963; baseline -0.002 -24"><span class='ocrx_word' id='word_1_121' title='bbox 234 1875 403 1956; x_wconf 84' lang='lat' dir='ltr'><strong>dampnum</strong></span> <span class='ocrx_word' id='word_1_122' title='bbox 423 1873 662 1954; x_wconf 87' lang='lat' dir='ltr'><strong>irrecuperabile</strong></span> <span class='ocrx_word' id='word_1_123' title='bbox 685 1873 768 1963; x_wconf 85' lang='lat' dir='ltr'><strong>quod</strong></span> <span class='ocrx_word' id='word_1_124' title='bbox 789 1875 913 1954; x_wconf 90' lang='lat' dir='ltr'><strong>incurri,</strong></span> <span class='ocrx_word' id='word_1_125' title='bbox 928 1875 1000 1957; x_wconf 89' lang='lat' dir='ltr'><strong>quia</strong></span> <span class='ocrx_word' id='word_1_126' title='bbox 1014 1875 1160 1940; x_wconf 89' lang='lat' dir='ltr'><strong>dilectum</strong></span> <span class='ocrx_word' id='word_1_127' title='bbox 1173 1893 1276 1938; x_wconf 92' lang='lat' dir='ltr'><strong>meum</strong></span> <span class='ocrx_word' id='word_1_128' title='bbox 1289 1874 1379 1941; x_wconf 92' lang='lat' dir='ltr'><strong>dere-</strong></span> <span class='ocrx_word' id='word_1_129' title='bbox 1407 1872 1412 1881; x_wconf 67' lang='lat'>‘</span> 
     </span>
     <span class='ocr_line' id='line_1_16' title="bbox 232 1977 1378 2060; baseline -0.001 -17"><span class='ocrx_word' id='word_1_130' title='bbox 232 1978 318 2060; x_wconf 90' lang='lat' dir='ltr'><strong>liqui.</strong></span> <span class='ocrx_word' id='word_1_131' title='bbox 350 1977 431 2057; x_wconf 92' lang='lat' dir='ltr'><strong>Heu,</strong></span> <span class='ocrx_word' id='word_1_132' title='bbox 454 1981 490 2041; x_wconf 91' lang='lat' dir='ltr'><strong>ut</strong></span> <span class='ocrx_word' id='word_1_133' title='bbox 511 1977 586 2059; x_wconf 91' lang='lat' dir='ltr'><strong>quid</strong></span> <span class='ocrx_word' id='word_1_134' title='bbox 598 1978 690 2060; x_wconf 61' lang='lat' dir='ltr'><strong>(omn</strong></span> <span class='ocrx_word' id='word_1_135' title='bbox 711 1977 793 2043; x_wconf 91' lang='lat' dir='ltr'><strong>hunc</strong></span> <span class='ocrx_word' id='word_1_136' title='bbox 814 1979 964 2043; x_wconf 92' lang='lat' dir='ltr'><strong>mundum</strong></span> <span class='ocrx_word' id='word_1_137' title='bbox 985 1979 1154 2044; x_wconf 79' lang='lat' dir='ltr'><strong>nascebar?</strong></span> <span class='ocrx_word' id='word_1_138' title='bbox 1173 1978 1378 2043; x_wconf 86' lang='lat' dir='ltr'><strong>Curinutero</strong></span> 
     </span>
     <span class='ocr_line' id='line_1_17' title="bbox 234 2080 1379 2170; baseline -0.002 -23"><span class='ocrx_word' id='word_1_139' title='bbox 234 2083 342 2147; x_wconf 88' lang='lat' dir='ltr'><strong>matris</strong></span> <span class='ocrx_word' id='word_1_140' title='bbox 370 2100 433 2147; x_wconf 95' lang='lat' dir='ltr'><strong>non</strong></span> <span class='ocrx_word' id='word_1_141' title='bbox 462 2082 562 2163; x_wconf 82' lang='lat' dir='ltr'><strong>perii?</strong></span> <span class='ocrx_word' id='word_1_142' title='bbox 591 2081 688 2146; x_wconf 90' lang='lat' dir='ltr'><strong>Totus</strong></span> <span class='ocrx_word' id='word_1_143' title='bbox 717 2080 841 2161; x_wconf 88' lang='lat' dir='ltr'><strong>deficio,</strong></span> <span class='ocrx_word' id='word_1_144' title='bbox 872 2083 1000 2164; x_wconf 75' lang='lat' dir='ltr'><strong>etquid</strong></span> <span class='ocrx_word' id='word_1_145' title='bbox 1023 2093 1114 2164; x_wconf 85' lang='lat' dir='ltr'><strong>agam</strong></span> <span class='ocrx_word' id='word_1_146' title='bbox 1134 2084 1252 2170; x_wconf 74' lang='lat' dir='ltr'><strong>ignoro.</strong></span> <span class='ocrx_word' id='word_1_147' title='bbox 1298 2080 1379 2158; x_wconf 92' lang='lat' dir='ltr'><strong>Quid</strong></span> 
     </span>
     <span class='ocr_line' id='line_1_18' title="bbox 234 2174 1377 2273; baseline -0.001 -23"><span class='ocrx_word' id='word_1_148' title='bbox 234 2174 365 2267; x_wconf 84' lang='lat' dir='ltr'><strong>amplius</strong></span> <span class='ocrx_word' id='word_1_149' title='bbox 386 2204 492 2267; x_wconf 88' lang='lat' dir='ltr'><strong>moror</strong></span> <span class='ocrx_word' id='word_1_150' title='bbox 507 2184 580 2270; x_wconf 66' lang='lat' dir='ltr'><strong>(mi</strong></span> <span class='ocrx_word' id='word_1_151' title='bbox 611 2185 692 2262; x_wconf 82' lang='lat' dir='ltr'><strong>Quid</strong></span> <span class='ocrx_word' id='word_1_152' title='bbox 721 2186 851 2273; x_wconf 74' lang='lat' dir='ltr'><strong>turbor?</strong></span> <span class='ocrx_word' id='word_1_153' title='bbox 883 2186 963 2263; x_wconf 83' lang='lat' dir='ltr'><strong>Quid</strong></span> <span class='ocrx_word' id='word_1_154' title='bbox 992 2186 1104 2268; x_wconf 78' lang='lat' dir='ltr'><strong>ploro?</strong></span> <span class='ocrx_word' id='word_1_155' title='bbox 1136 2186 1218 2263; x_wconf 83' lang='lat' dir='ltr'><strong>Quid</strong></span> <span class='ocrx_word' id='word_1_156' title='bbox 1246 2185 1377 2267; x_wconf 91' lang='lat' dir='ltr'><strong>amplius</strong></span> 
     </span>
    </p>
   </div>
   <div class='ocr_carea' id='block_1_3' title="bbox 234 2288 1511 2473">
    <p class='ocr_par' dir='ltr' id='par_1_3' title="bbox 234 2288 1511 2473">
     <span class='ocr_line' id='line_1_19' title="bbox 234 2288 1511 2377; baseline -0.002 -23"><span class='ocrx_word' id='word_1_157' title='bbox 234 2292 341 2368; x_wconf 88' lang='lat' dir='ltr'><strong>restat,</strong></span> <span class='ocrx_word' id='word_1_158' title='bbox 360 2289 420 2353; x_wconf 87' lang='lat' dir='ltr'><strong>nisi</strong></span> <span class='ocrx_word' id='word_1_159' title='bbox 430 2291 466 2352; x_wconf 87' lang='lat' dir='ltr'><strong>ut</strong></span> <span class='ocrx_word' id='word_1_160' title='bbox 476 2288 627 2371; x_wconf 90' lang='lat' dir='ltr'><strong>meipsum</strong></span> <span class='ocrx_word' id='word_1_161' title='bbox 639 2288 815 2370; x_wconf 90' lang='lat' dir='ltr'><strong>despiciam,</strong></span> <span class='ocrx_word' id='word_1_162' title='bbox 839 2289 1084 2377; x_wconf 74' lang='lat' dir='ltr'><strong>etinparatrum</strong></span> <span class='ocrx_word' id='word_1_163' title='bbox 1094 2288 1222 2353; x_wconf 87' lang='lat' dir='ltr'><strong>infelicis</strong></span> <span class='ocrx_word' id='word_1_164' title='bbox 1234 2289 1378 2369; x_wconf 87' lang='lat' dir='ltr'><strong>despera·</strong></span> <span class='ocrx_word' id='word_1_165' title='bbox 1508 2294 1511 2298; x_wconf 79' lang='grc'>’</span> 
     </span>
     <span class='ocr_line' id='line_1_20' title="bbox 236 2389 1496 2473; baseline -0.002 -16"><span class='ocrx_word' id='word_1_166' title='bbox 236 2393 331 2457; x_wconf 91' lang='lat' dir='ltr'><strong>cionis</strong></span> <span class='ocrx_word' id='word_1_167' title='bbox 352 2410 372 2456; x_wconf 90' lang='lat' dir='ltr'><strong>a</strong></span> <span class='ocrx_word' id='word_1_168' title='bbox 392 2390 470 2456; x_wconf 85' lang='lat' dir='ltr'><strong>facie</strong></span> <span class='ocrx_word' id='word_1_169' title='bbox 490 2393 589 2473; x_wconf 87' lang='lat' dir='ltr'><strong>glorie</strong></span> <span class='ocrx_word' id='word_1_170' title='bbox 611 2393 660 2456; x_wconf 92' lang='lat' dir='ltr'><strong>dei</strong></span> <span class='ocrx_word' id='word_1_171' title='bbox 681 2411 731 2457; x_wconf 90' lang='lat' dir='ltr'><strong>mc</strong></span> <span class='ocrx_word' id='word_1_172' title='bbox 753 2393 902 2473; x_wconf 86' lang='lat' dir='ltr'><strong>proiciam</strong></span> <span class='ocrx_word' id='word_1_173' title='bbox 924 2391 1118 2457; x_wconf 82' lang='lat' dir='ltr'><strong>desolatum?</strong></span> <span class='ocrx_word' id='word_1_174' title='bbox 1143 2389 1378 2456; x_wconf 83' lang='lat' dir='ltr'><strong>SAPIENCIA:</strong></span> <span class='ocrx_word' id='word_1_175' title='bbox 1492 2436 1496 2455; x_wconf 87' lang='lat'>.</span> 
     </span>
    </p>
   </div>
   <div class='ocr_carea' id='block_1_4' title="bbox 203 2482 1381 3203">
    <p class='ocr_par' dir='ltr' id='par_1_4' title="bbox 203 2482 1381 3203">
     <span class='ocr_line' id='line_1_21' title="bbox 236 2482 1381 2580; baseline -0.002 -19"><span class='ocrx_word' id='word_1_176' title='bbox 236 2498 285 2561; x_wconf 90' lang='lat' dir='ltr'><strong>An</strong></span> <span class='ocrx_word' id='word_1_177' title='bbox 299 2497 422 2577; x_wconf 86' lang='lat' dir='ltr'><strong>ignoras</strong></span> <span class='ocrx_word' id='word_1_178' title='bbox 438 2497 583 2577; x_wconf 90' lang='lat' dir='ltr'><strong>quoniam</strong></span> <span class='ocrx_word' id='word_1_179' title='bbox 597 2495 645 2580; x_wconf 84' lang='lat'><strong>(8)</strong></span> <span class='ocrx_word' id='word_1_180' title='bbox 657 2497 829 2579; x_wconf 80' lang='lat' dir='ltr'><strong>pericrdosa</strong></span> <span class='ocrx_word' id='word_1_181' title='bbox 844 2515 893 2561; x_wconf 92' lang='lat' dir='ltr'><strong>res</strong></span> <span class='ocrx_word' id='word_1_182' title='bbox 916 2502 964 2561; x_wconf 89' lang='lat' dir='ltr'><strong>est</strong></span> <span class='ocrx_word' id='word_1_183' title='bbox 985 2482 1185 2578; x_wconf 79' lang='lat' dir='ltr'><strong>desperacio?</strong></span> <span class='ocrx_word' id='word_1_184' title='bbox 1206 2495 1381 2576; x_wconf 85' lang='lat' dir='ltr'><strong>Desperare</strong></span> 
     </span>
     <span class='ocr_line' id='line_1_22' title="bbox 237 2586 1380 2690; baseline 0.001 -26"><span class='ocrx_word' id='word_1_185' title='bbox 237 2600 276 2666; x_wconf 92' lang='lat' dir='ltr'><strong>de</strong></span> <span class='ocrx_word' id='word_1_186' title='bbox 297 2600 671 2666; x_wconf 68' lang='lat' dir='ltr'><strong>salutetur-mulacrum</strong></span> <span class='ocrx_word' id='word_1_187' title='bbox 695 2586 803 2679; x_wconf 85' lang='lat' dir='ltr'><strong>debes,</strong></span> <span class='ocrx_word' id='word_1_188' title='bbox 838 2594 913 2681; x_wconf 85' lang='lat' dir='ltr'><strong>quia</strong></span> <span class='ocrx_word' id='word_1_189' title='bbox 933 2619 990 2682; x_wconf 84' lang='lat' dir='ltr'><strong>ego</strong></span> <span class='ocrx_word' id='word_1_190' title='bbox 1012 2601 1052 2665; x_wconf 94' lang='lat' dir='ltr'><strong>ad</strong></span> <span class='ocrx_word' id='word_1_191' title='bbox 1074 2600 1225 2690; x_wconf 82' lang='lat' dir='ltr'><strong>hocveni</strong></span> <span class='ocrx_word' id='word_1_192' title='bbox 1245 2599 1277 2663; x_wconf 93' lang='lat' dir='ltr'><strong>in</strong></span> <span class='ocrx_word' id='word_1_193' title='bbox 1297 2598 1380 2665; x_wconf 89' lang='lat' dir='ltr'><strong>hunc</strong></span> 
     </span>
     <span class='ocr_line' id='line_1_23' title="bbox 203 2697 1378 2788; baseline -0.001 -20"><span class='ocrx_word' id='word_1_194' title='bbox 203 2744 206 2748; x_wconf 89' lang='lat'><em>-</em></span> <span class='ocrx_word' id='word_1_195' title='bbox 234 2697 1104 2788; x_wconf 78' lang='lat' dir='ltr'><strong>mundum,querere&#39;(9)ctsalvumdacerequodperierat.</strong></span> <span class='ocrx_word' id='word_1_196' title='bbox 1119 2700 1378 2768; x_wconf 65' lang='lat' dir='ltr'>DISCIPULUS}</span> 
     </span>
     <span class='ocr_line' id='line_1_24' title="bbox 236 2805 1379 2890; baseline -0.003 -16"><span class='ocrx_word' id='word_1_197' title='bbox 236 2808 262 2874; x_wconf 94' lang='grc' dir='ltr'><strong>Ο</strong></span> <span class='ocrx_word' id='word_1_198' title='bbox 285 2808 359 2890; x_wconf 90' lang='lat' dir='ltr'><strong>quid</strong></span> <span class='ocrx_word' id='word_1_199' title='bbox 382 2811 430 2872; x_wconf 88' lang='lat' dir='ltr'><strong>est</strong></span> <span class='ocrx_word' id='word_1_200' title='bbox 450 2807 510 2873; x_wconf 91' lang='lat' dir='ltr'><strong>hoc</strong></span> <span class='ocrx_word' id='word_1_201' title='bbox 521 2809 610 2889; x_wconf 73' lang='lat' dir='ltr'><strong>&#39;quod</strong></span> <span class='ocrx_word' id='word_1_202' title='bbox 625 2808 731 2887; x_wconf 84' lang='lat' dir='ltr'><strong>au&#39;dio,</strong></span> <span class='ocrx_word' id='word_1_203' title='bbox 749 2809 832 2890; x_wconf 94' lang='lat' dir='ltr'><strong>quod</strong></span> <span class='ocrx_word' id='word_1_204' title='bbox 847 2813 912 2889; x_wconf 80' lang='lat' dir='ltr'><strong>tam</strong></span> <span class='ocrx_word' id='word_1_205' title='bbox 927 2809 1057 2873; x_wconf 87' lang='lat' dir='ltr'><strong>dulciter</strong></span> <span class='ocrx_word' id='word_1_206' title='bbox 1070 2811 1196 2873; x_wconf 89' lang='lat' dir='ltr'><strong>resonat</strong></span> <span class='ocrx_word' id='word_1_207' title='bbox 1208 2807 1241 2870; x_wconf 91' lang='lat' dir='ltr'><strong>in</strong></span> <span class='ocrx_word' id='word_1_208' title='bbox 1254 2805 1379 2871; x_wconf 86' lang='lat' dir='ltr'><strong>auribus</strong></span> 
     </span>
     <span class='ocr_line' id='line_1_25' title="bbox 234 2909 1379 2992; baseline -0.003 -16"><span class='ocrx_word' id='word_1_209' title='bbox 234 2913 327 2992; x_wconf 88' lang='lat' dir='ltr'><strong>mois,</strong></span> <span class='ocrx_word' id='word_1_210' title='bbox 357 2913 390 2976; x_wconf 93' lang='lat' dir='ltr'><strong>in</strong></span> <span class='ocrx_word' id='word_1_211' title='bbox 412 2912 537 2977; x_wconf 91' lang='lat' dir='ltr'><strong>homine</strong></span> <span class='ocrx_word' id='word_1_212' title='bbox 558 2913 671 2978; x_wconf 88' lang='lat' dir='ltr'><strong>misero</strong></span> <span class='ocrx_word' id='word_1_213' title='bbox 693 2917 726 2977; x_wconf 88' lang='lat' dir='ltr'><strong>et</strong></span> <span class='ocrx_word' id='word_1_214' title='bbox 754 2922 830 2981; x_wconf 87' lang='lat' dir='ltr'><strong>cane</strong></span> <span class='ocrx_word' id='word_1_215' title='bbox 857 2913 999 2977; x_wconf 77' lang='lat' dir='ltr'><strong>abiecto?</strong></span> <span class='ocrx_word' id='word_1_216' title='bbox 1031 2910 1264 2978; x_wconf 81' lang='lat' dir='ltr'><strong>SAPIENCIA:</strong></span> <span class='ocrx_word' id='word_1_217' title='bbox 1298 2909 1379 2988; x_wconf 92' lang='lat' dir='ltr'><strong>Quid</strong></span> 
     </span>
     <span class='ocr_line' id='line_1_26' title="bbox 232 3014 1378 3107; baseline 0.001 -28"><span class='ocrx_word' id='word_1_218' title='bbox 232 3014 348 3082; x_wconf 86' lang='lat' dir='ltr'><strong>iactum</strong></span> <span class='ocrx_word' id='word_1_219' title='bbox 370 3019 427 3095; x_wconf 89' lang='grc' dir='ltr'>θεῖ,</span> <span class='ocrx_word' id='word_1_220' title='bbox 450 3017 523 3098; x_wconf 89' lang='lat' dir='ltr'><strong>quia</strong></span> <span class='ocrx_word' id='word_1_221' title='bbox 535 3016 604 3100; x_wconf 86' lang='lat'>(10)</span> <span class='ocrx_word' id='word_1_222' title='bbox 616 3035 666 3081; x_wconf 89' lang='lat' dir='ltr'><strong>me</strong></span> <span class='ocrx_word' id='word_1_223' title='bbox 687 3035 751 3107; x_wconf 85' lang='lat' dir='ltr'><strong>non</strong></span> <span class='ocrx_word' id='word_1_224' title='bbox 763 3017 980 3098; x_wconf 78' lang='lat' dir='ltr'><strong>recognoscis?</strong></span> <span class='ocrx_word' id='word_1_225' title='bbox 1002 3016 1161 3094; x_wconf 91' lang='lat' dir='ltr'><strong>Quomodo</strong></span> <span class='ocrx_word' id='word_1_226' title='bbox 1175 3017 1219 3082; x_wconf 90' lang='lat' dir='ltr'><strong>sic</strong></span> <span class='ocrx_word' id='word_1_227' title='bbox 1232 3032 1378 3080; x_wconf 86' lang='lat' dir='ltr'><strong>corruens</strong></span> 
     </span>
     <span class='ocr_line' id='line_1_27' title="bbox 234 3119 1379 3203; baseline 0 -20"><span class='ocrx_word' id='word_1_228' title='bbox 234 3120 267 3183; x_wconf 93' lang='lat' dir='ltr'><strong>in</strong></span> <span class='ocrx_word' id='word_1_229' title='bbox 283 3124 403 3184; x_wconf 86' lang='lat' dir='ltr'><strong>terram</strong></span> <span class='ocrx_word' id='word_1_230' title='bbox 416 3120 486 3203; x_wconf 86' lang='lat'>(11)</span> <span class='ocrx_word' id='word_1_231' title='bbox 500 3121 653 3203; x_wconf 89' lang='lat' dir='ltr'><strong>collapsus</strong></span> <span class='ocrx_word' id='word_1_232' title='bbox 676 3120 731 3186; x_wconf 80' lang='lat' dir='ltr'><strong>es?</strong></span> <span class='ocrx_word' id='word_1_233' title='bbox 763 3120 921 3202; x_wconf 91' lang='lat' dir='ltr'><strong>Numquid</strong></span> <span class='ocrx_word' id='word_1_234' title='bbox 942 3139 998 3203; x_wconf 90' lang='lat' dir='ltr'><strong>pre</strong></span> <span class='ocrx_word' id='word_1_235' title='bbox 1021 3121 1127 3186; x_wconf 88' lang='lat' dir='ltr'><strong>dolore</strong></span> <span class='ocrx_word' id='word_1_236' title='bbox 1148 3121 1242 3184; x_wconf 92' lang='lat' dir='ltr'><strong>nimio</strong></span> <span class='ocrx_word' id='word_1_237' title='bbox 1263 3119 1379 3183; x_wconf 88' lang='lat' dir='ltr'><strong>aliena-</strong></span> 
     </span>
    </p>
   </div>
   <div class='ocr_carea' id='block_1_5' title="bbox 235 3222 1507 3307">
    <p class='ocr_par' dir='ltr' id='par_1_5' title="bbox 235 3222 1507 3307">
     <span class='ocr_line' id='line_1_28' title="bbox 235 3222 1507 3307; baseline 0.002 -22"><span class='ocrx_word' id='word_1_238' title='bbox 235 3222 354 3286; x_wconf 91' lang='lat' dir='ltr'><strong>cionem</strong></span> <span class='ocrx_word' id='word_1_239' title='bbox 368 3225 480 3289; x_wconf 88' lang='lat' dir='ltr'><strong>mentis</strong></span> <span class='ocrx_word' id='word_1_240' title='bbox 493 3226 610 3306; x_wconf 81' lang='lat' dir='ltr'><strong>pateris</strong></span> <span class='ocrx_word' id='word_1_241' title='bbox 623 3223 668 3289; x_wconf 86' lang='lat' dir='ltr'><strong>fili</strong></span> <span class='ocrx_word' id='word_1_242' title='bbox 686 3225 760 3307; x_wconf 77' lang='lat' dir='ltr'><strong>my?</strong></span> <span class='ocrx_word' id='word_1_243' title='bbox 782 3225 809 3289; x_wconf 92' lang='lat'>0</span> <span class='ocrx_word' id='word_1_244' title='bbox 832 3225 943 3291; x_wconf 87' lang='lat' dir='ltr'><strong>dilecte</strong></span> <span class='ocrx_word' id='word_1_245' title='bbox 964 3244 1032 3306; x_wconf 90' lang='lat' dir='ltr'><strong>my:</strong></span> <span class='ocrx_word' id='word_1_246' title='bbox 1055 3224 1136 3288; x_wconf 88' lang='lat' dir='ltr'><strong>Ecce</strong></span> <span class='ocrx_word' id='word_1_247' title='bbox 1158 3243 1215 3304; x_wconf 85' lang='lat' dir='ltr'><strong>ego</strong></span> <span class='ocrx_word' id='word_1_248' title='bbox 1236 3241 1306 3288; x_wconf 91' lang='lat' dir='ltr'><strong>sum</strong></span> <span class='ocrx_word' id='word_1_249' title='bbox 1324 3222 1379 3287; x_wconf 85' lang='lat' dir='ltr'><strong>illa</strong></span> <span class='ocrx_word' id='word_1_250' title='bbox 1505 3254 1507 3259; x_wconf 95' lang='lat'>·</span> 
     </span>
    </p>
   </div>
   <div class='ocr_carea' id='block_1_6' title="bbox 234 3324 1393 3732">
    <p class='ocr_par' dir='ltr' id='par_1_6' title="bbox 234 3324 1393 3732">
     <span class='ocr_line' id='line_1_29' title="bbox 235 3324 1379 3409; baseline 0.001 -20"><span class='ocrx_word' id='word_1_251' title='bbox 235 3330 342 3389; x_wconf 86' lang='lat' dir='ltr'><strong>eterna</strong></span> <span class='ocrx_word' id='word_1_252' title='bbox 363 3327 527 3408; x_wconf 90' lang='lat' dir='ltr'><strong>sapiencia,</strong></span> <span class='ocrx_word' id='word_1_253' title='bbox 551 3329 672 3393; x_wconf 88' lang='lat' dir='ltr'><strong>celestis</strong></span> <span class='ocrx_word' id='word_1_254' title='bbox 694 3327 904 3409; x_wconf 27' lang='lat' dir='ltr'><strong>patris-filius,</strong></span> <span class='ocrx_word' id='word_1_255' title='bbox 926 3328 1134 3393; x_wconf 90' lang='lat' dir='ltr'><strong>misericordie</strong></span> <span class='ocrx_word' id='word_1_256' title='bbox 1155 3327 1284 3405; x_wconf 92' lang='lat' dir='ltr'><strong>baiulus,</strong></span> <span class='ocrx_word' id='word_1_257' title='bbox 1318 3324 1379 3390; x_wconf 75' lang='lat' dir='ltr'><strong>cle</strong></span> 
     </span>
     <span class='ocr_line' id='line_1_30' title="bbox 234 3428 1378 3513; baseline -0.002 -19"><span class='ocrx_word' id='word_1_258' title='bbox 234 3429 353 3494; x_wconf 91' lang='lat' dir='ltr'><strong>mencie</strong></span> <span class='ocrx_word' id='word_1_259' title='bbox 375 3431 448 3510; x_wconf 78' lang='lat' dir='ltr'><strong>dun,</strong></span> <span class='ocrx_word' id='word_1_260' title='bbox 471 3437 503 3496; x_wconf 89' lang='lat' dir='ltr'><strong>et</strong></span> <span class='ocrx_word' id='word_1_261' title='bbox 525 3432 632 3513; x_wconf 79' lang='lat' dir='ltr'><strong>legifer</strong></span> <span class='ocrx_word' id='word_1_262' title='bbox 645 3432 780 3513; x_wconf 88' lang='lat' dir='ltr'><strong>pietatis,</strong></span> <span class='ocrx_word' id='word_1_263' title='bbox 802 3431 855 3513; x_wconf 93' lang='lat' dir='ltr'><strong>qui</strong></span> <span class='ocrx_word' id='word_1_264' title='bbox 867 3432 1011 3513; x_wconf 88' lang='lat' dir='ltr'><strong>abyssum</strong></span> <span class='ocrx_word' id='word_1_265' title='bbox 1019 3432 1227 3497; x_wconf 89' lang='lat' dir='ltr'><strong>misericordie</strong></span> <span class='ocrx_word' id='word_1_266' title='bbox 1239 3428 1378 3494; x_wconf 92' lang='lat' dir='ltr'><strong>omnibus</strong></span> 
     </span>
     <span class='ocr_line' id='line_1_31' title="bbox 235 3531 1377 3617; baseline -0.004 -19"><span class='ocrx_word' id='word_1_267' title='bbox 235 3533 346 3598; x_wconf 89' lang='lat' dir='ltr'><strong>creatis</strong></span> <span class='ocrx_word' id='word_1_268' title='bbox 367 3535 524 3616; x_wconf 90' lang='lat' dir='ltr'><strong>spiritibus</strong></span> <span class='ocrx_word' id='word_1_269' title='bbox 554 3555 591 3601; x_wconf 86' lang='lat' dir='ltr'><strong>ex</strong></span> <span class='ocrx_word' id='word_1_270' title='bbox 620 3555 678 3600; x_wconf 90' lang='lat' dir='ltr'><strong>sua</strong></span> <span class='ocrx_word' id='word_1_271' title='bbox 704 3532 856 3599; x_wconf 75' lang='lat' dir='ltr'><strong>infinitate</strong></span> <span class='ocrx_word' id='word_1_272' title='bbox 872 3534 941 3617; x_wconf 79' lang='lat'>(12)</span> <span class='ocrx_word' id='word_1_273' title='bbox 957 3535 1234 3616; x_wconf 87' lang='lat' dir='ltr'><strong>inconprehensum</strong></span> <span class='ocrx_word' id='word_1_274' title='bbox 1260 3531 1377 3612; x_wconf 89' lang='lat' dir='ltr'><strong>aperui,</strong></span> 
     </span>
     <span class='ocr_line' id='line_1_32' title="bbox 235 3637 1393 3732; baseline -0.002 -31"><span class='ocrx_word' id='word_1_275' title='bbox 235 3637 369 3719; x_wconf 85' lang='lat' dir='ltr'><strong>teipsum</strong></span> <span class='ocrx_word' id='word_1_276' title='bbox 390 3656 558 3720; x_wconf 78' lang='lat' dir='ltr'><strong>omnesque</strong></span> <span class='ocrx_word' id='word_1_277' title='bbox 572 3640 613 3704; x_wconf 88' lang='lat' dir='ltr'><strong>ad</strong></span> <span class='ocrx_word' id='word_1_278' title='bbox 626 3657 677 3703; x_wconf 93' lang='lat' dir='ltr'><strong>me</strong></span> <span class='ocrx_word' id='word_1_279' title='bbox 692 3638 794 3732; x_wconf 85' lang='lat' dir='ltr'><strong>redire</strong></span> <span class='ocrx_word' id='word_1_280' title='bbox 809 3638 945 3702; x_wconf 90' lang='lat' dir='ltr'><strong>volentes</strong></span> <span class='ocrx_word' id='word_1_281' title='bbox 958 3638 1028 3701; x_wconf 94' lang='lat' dir='ltr'><strong>sinu</strong></span> <span class='ocrx_word' id='word_1_282' title='bbox 1040 3638 1176 3718; x_wconf 90' lang='lat' dir='ltr'><strong>piissimo</strong></span> <span class='ocrx_word' id='word_1_283' title='bbox 1187 3638 1393 3717; x_wconf 81' lang='lat' dir='ltr'><strong>recepturus.-</strong></span> 
     </span>
    </p>
   </div>
   <div class='ocr_carea' id='block_1_7' title="bbox 234 3805 1379 4496">
    <p class='ocr_par' dir='ltr' id='par_1_7' title="bbox 234 3805 1379 4496">
     <span class='ocr_line' id='line_1_33' title="bbox 301 3805 1378 3889; baseline -0.006 -15"><span class='ocrx_word' id='word_1_284' title='bbox 301 3805 335 3874; x_wconf 81' lang='lat'><strong>(1)</strong></span> <span class='ocrx_word' id='word_1_285' title='bbox 357 3810 411 3870; x_wconf 87' lang='grc' dir='ltr'><strong>ΑΕ</strong></span> <span class='ocrx_word' id='word_1_286' title='bbox 422 3812 630 3889; x_wconf 88' lang='lat' dir='ltr'><strong>plurimumque</strong></span> <span class='ocrx_word' id='word_1_287' title='bbox 651 3848 696 3856; x_wconf 96' lang='lat'><em>-</em></span> <span class='ocrx_word' id='word_1_288' title='bbox 718 3809 751 3877; x_wconf 65' lang='grc' dir='ltr'><strong>(ἲ)</strong></span> <span class='ocrx_word' id='word_1_289' title='bbox 774 3812 950 3872; x_wconf 84' lang='lat' dir='ltr'><strong>ACEMhec</strong></span> <span class='ocrx_word' id='word_1_290' title='bbox 972 3813 1146 3886; x_wconf 86' lang='lat' dir='ltr'><strong>coinquinati</strong></span> <span class='ocrx_word' id='word_1_291' title='bbox 1182 3811 1274 3869; x_wconf 87' lang='lat' dir='ltr'><strong>Dnec</strong></span> <span class='ocrx_word' id='word_1_292' title='bbox 1287 3813 1378 3869; x_wconf 80' lang='lat' dir='ltr'><strong>coin-</strong></span> 
     </span>
     <span class='ocr_line' id='line_1_34' title="bbox 236 3893 1378 3974; baseline -0.003 -17"><span class='ocrx_word' id='word_1_293' title='bbox 236 3900 344 3973; x_wconf 87' lang='lat' dir='ltr'><strong>quinati</strong></span> <span class='ocrx_word' id='word_1_294' title='bbox 388 3898 632 3974; x_wconf 87' lang='lat' dir='ltr'><strong>Bincoinquinati</strong></span> <span class='ocrx_word' id='word_1_295' title='bbox 675 3899 766 3959; x_wconf 86' lang='lat' dir='ltr'><strong>Jhoc</strong></span> <span class='ocrx_word' id='word_1_296' title='bbox 796 3917 852 3958; x_wconf 90' lang='lat' dir='ltr'><strong>non</strong></span> <span class='ocrx_word' id='word_1_297' title='bbox 878 3901 1052 3974; x_wconf 87' lang='lat' dir='ltr'><strong>coinquinati</strong></span> <span class='ocrx_word' id='word_1_298' title='bbox 1072 3931 1117 3941; x_wconf 94' lang='lat'><em>-</em></span> <span class='ocrx_word' id='word_1_299' title='bbox 1137 3893 1172 3963; x_wconf 82' lang='lat'><strong>(3)</strong></span> <span class='ocrx_word' id='word_1_300' title='bbox 1196 3895 1378 3956; x_wconf 67' lang='lat' dir='ltr'><strong>ducatum</strong></span> 
     </span>
     <span class='ocr_line' id='line_1_35' title="bbox 234 3980 1379 4062; baseline 0 -19"><span class='ocrx_word' id='word_1_301' title='bbox 234 3985 333 4045; x_wconf 87' lang='lat' dir='ltr'><strong>levior.</strong></span> <span class='ocrx_word' id='word_1_302' title='bbox 356 3985 486 4061; x_wconf 80' lang='lat' dir='ltr'><strong>Supicnt</strong></span> <span class='ocrx_word' id='word_1_303' title='bbox 508 3989 552 4056; x_wconf 86' lang='lat'><strong>16,</strong></span> <span class='ocrx_word' id='word_1_304' title='bbox 574 3989 622 4043; x_wconf 78' lang='lat'><strong>24.</strong></span> <span class='ocrx_word' id='word_1_305' title='bbox 643 4019 686 4029; x_wconf 92' lang='lat'><em>-</em></span> <span class='ocrx_word' id='word_1_306' title='bbox 701 3981 734 4050; x_wconf 78' lang='grc'><strong>(4)</strong></span> <span class='ocrx_word' id='word_1_307' title='bbox 758 3986 832 4045; x_wconf 80' lang='lat' dir='ltr'><strong>cEP</strong></span> <span class='ocrx_word' id='word_1_308' title='bbox 843 3988 929 4047; x_wconf 90' lang='lat' dir='ltr'><strong>michi</strong></span> <span class='ocrx_word' id='word_1_309' title='bbox 952 3994 1009 4062; x_wconf 70' lang='grc' dir='ltr'>θεῖς</span> <span class='ocrx_word' id='word_1_310' title='bbox 1032 3996 1103 4044; x_wconf 74' lang='lat' dir='ltr'><strong>moa·</strong></span> <span class='ocrx_word' id='word_1_311' title='bbox 1137 3980 1379 4059; x_wconf 84' lang='lat' dir='ltr'><strong>Dderelinquiese</strong></span> 
     </span>
     <span class='ocr_line' id='line_1_36' title="bbox 234 4065 1378 4148; baseline -0.003 -15"><span class='ocrx_word' id='word_1_312' title='bbox 234 4104 279 4116; x_wconf 89' lang='lat'>—</span> <span class='ocrx_word' id='word_1_313' title='bbox 300 4068 335 4135; x_wconf 81' lang='grc'><strong>(5)</strong></span> <span class='ocrx_word' id='word_1_314' title='bbox 359 4071 736 4132; x_wconf 84' lang='lat' dir='ltr'><strong>AEGHJMattramentum</strong></span> <span class='ocrx_word' id='word_1_315' title='bbox 757 4107 802 4117; x_wconf 96' lang='lat'>—</span> <span class='ocrx_word' id='word_1_316' title='bbox 823 4068 856 4137; x_wconf 78' lang='grc'><strong>(6)</strong></span> <span class='ocrx_word' id='word_1_317' title='bbox 881 4072 951 4133; x_wconf 79' lang='lat' dir='ltr'><strong>cad</strong></span> <span class='ocrx_word' id='word_1_318' title='bbox 974 4072 1042 4148; x_wconf 94' lang='lat' dir='ltr'><strong>quid</strong></span> <span class='ocrx_word' id='word_1_319' title='bbox 1076 4072 1206 4147; x_wconf 85' lang='lat' dir='ltr'><strong>BFquid</strong></span> <span class='ocrx_word' id='word_1_320' title='bbox 1227 4104 1271 4113; x_wconf 93' lang='lat'>—</span> <span class='ocrx_word' id='word_1_321' title='bbox 1292 4065 1327 4134; x_wconf 63' lang='grc' dir='ltr'><strong>(ἵ)</strong></span> <span class='ocrx_word' id='word_1_322' title='bbox 1350 4068 1378 4129; x_wconf 85' lang='grc' dir='ltr'>Α</span> 
     </span>
     <span class='ocr_line' id='line_1_37' title="bbox 235 4157 1378 4234; baseline 0 -19"><span class='ocrx_word' id='word_1_323' title='bbox 235 4174 348 4234; x_wconf 82' lang='lat' dir='ltr'><strong>more03</strong></span> <span class='ocrx_word' id='word_1_324' title='bbox 371 4177 442 4218; x_wconf 80' lang='lat' dir='ltr'><strong>moa</strong></span> <span class='ocrx_word' id='word_1_325' title='bbox 486 4157 684 4218; x_wconf 87' lang='lat' dir='ltr'><strong>Aconturbor</strong></span> <span class='ocrx_word' id='word_1_326' title='bbox 728 4160 775 4218; x_wconf 82' lang='lat' dir='ltr'><strong>GP</strong></span> <span class='ocrx_word' id='word_1_327' title='bbox 791 4162 930 4220; x_wconf 85' lang='lat' dir='ltr'><strong>circuibor</strong></span> <span class='ocrx_word' id='word_1_328' title='bbox 973 4159 1139 4219; x_wconf 85' lang='lat' dir='ltr'><strong>Ltribulor.</strong></span> <span class='ocrx_word' id='word_1_329' title='bbox 1162 4158 1256 4216; x_wconf 82' lang='lat' dir='ltr'><strong>Marc.</strong></span> <span class='ocrx_word' id='word_1_330' title='bbox 1278 4160 1306 4228; x_wconf 83' lang='lat'><strong>5,</strong></span> <span class='ocrx_word' id='word_1_331' title='bbox 1328 4159 1378 4217; x_wconf 86' lang='lat'><strong>39.</strong></span> 
     </span>
     <span class='ocr_line' id='line_1_38' title="bbox 234 4239 1379 4331; baseline -0.003 -25"><span class='ocrx_word' id='word_1_332' title='bbox 234 4277 279 4287; x_wconf 88' lang='lat'><em>-</em></span> <span class='ocrx_word' id='word_1_333' title='bbox 301 4239 335 4309; x_wconf 77' lang='grc'><strong>(8)</strong></span> <span class='ocrx_word' id='word_1_334' title='bbox 358 4245 468 4305; x_wconf 87' lang='lat' dir='ltr'>ABCH</span> <span class='ocrx_word' id='word_1_335' title='bbox 480 4263 567 4320; x_wconf 89' lang='lat' dir='ltr'><strong>quam</strong></span> <span class='ocrx_word' id='word_1_336' title='bbox 604 4245 753 4322; x_wconf 88' lang='lat' dir='ltr'><strong>DMquod</strong></span> <span class='ocrx_word' id='word_1_337' title='bbox 769 4279 814 4290; x_wconf 91' lang='lat'>—</span> <span class='ocrx_word' id='word_1_338' title='bbox 827 4243 860 4309; x_wconf 78' lang='grc'><strong>(9)</strong></span> <span class='ocrx_word' id='word_1_339' title='bbox 883 4246 913 4303; x_wconf 91' lang='grc' dir='ltr'>Μ</span> <span class='ocrx_word' id='word_1_340' title='bbox 927 4262 1045 4321; x_wconf 86' lang='lat' dir='ltr'><strong>querere</strong></span> <span class='ocrx_word' id='word_1_341' title='bbox 1066 4245 1174 4305; x_wconf 85' lang='lat' dir='ltr'><strong>scilicet</strong></span> <span class='ocrx_word' id='word_1_342' title='bbox 1213 4243 1284 4302; x_wconf 85' lang='lat' dir='ltr'><strong>Aut</strong></span> <span class='ocrx_word' id='word_1_343' title='bbox 1302 4243 1379 4331; x_wconf 74' lang='lat' dir='ltr'><strong>&#39;que-</strong></span> 
     </span>
     <span class='ocr_line' id='line_1_39' title="bbox 234 4327 1378 4408; baseline 0.001 -19"><span class='ocrx_word' id='word_1_344' title='bbox 234 4347 327 4392; x_wconf 86' lang='lat' dir='ltr'><strong>rorem</strong></span> <span class='ocrx_word' id='word_1_345' title='bbox 357 4339 385 4391; x_wconf 81' lang='lat' dir='ltr'><strong>ct</strong></span> <span class='ocrx_word' id='word_1_346' title='bbox 413 4350 485 4393; x_wconf 79' lang='lat' dir='ltr'><strong>mou</strong></span> <span class='ocrx_word' id='word_1_347' title='bbox 512 4334 635 4393; x_wconf 85' lang='lat' dir='ltr'><strong>facerem</strong></span> <span class='ocrx_word' id='word_1_348' title='bbox 660 4365 704 4376; x_wconf 94' lang='lat'><strong>--</strong></span> <span class='ocrx_word' id='word_1_349' title='bbox 726 4327 777 4397; x_wconf 83' lang='lat'>(10)</span> <span class='ocrx_word' id='word_1_350' title='bbox 800 4331 920 4408; x_wconf 87' lang='lat' dir='ltr'><strong>Aquod</strong></span> <span class='ocrx_word' id='word_1_351' title='bbox 940 4365 984 4376; x_wconf 91' lang='lat'><strong>--</strong></span> <span class='ocrx_word' id='word_1_352' title='bbox 1006 4327 1057 4395; x_wconf 81' lang='lat' dir='ltr'>(ll)</span> <span class='ocrx_word' id='word_1_353' title='bbox 1081 4332 1128 4390; x_wconf 78' lang='grc' dir='ltr'><strong>ΟΡ</strong></span> <span class='ocrx_word' id='word_1_354' title='bbox 1142 4339 1231 4407; x_wconf 79' lang='lat' dir='ltr'><strong>terra3</strong></span> <span class='ocrx_word' id='word_1_355' title='bbox 1260 4348 1331 4390; x_wconf 77' lang='lat' dir='ltr'><strong>moe</strong></span> <span class='ocrx_word' id='word_1_356' title='bbox 1352 4328 1378 4395; x_wconf 88' lang='lat' dir='ltr'>B</span> 
     </span>
     <span class='ocr_line' id='line_1_40' title="bbox 236 4414 1309 4496; baseline 0.004 -22"><span class='ocrx_word' id='word_1_357' title='bbox 236 4417 389 4493; x_wconf 81' lang='lat' dir='ltr'><strong>prolapsus</strong></span> <span class='ocrx_word' id='word_1_358' title='bbox 410 4453 453 4468; x_wconf 57' lang='grc' dir='ltr'><strong>ψ-</strong></span> <span class='ocrx_word' id='word_1_359' title='bbox 476 4414 527 4483; x_wconf 72' lang='lat'>(1²)</span> <span class='ocrx_word' id='word_1_360' title='bbox 550 4416 870 4496; x_wconf 65' lang='lat' dir='ltr'><strong>decessoremque,</strong></span> <span class='ocrx_word' id='word_1_361' title='bbox 893 4435 963 4479; x_wconf 80' lang='lat' dir='ltr'><strong>mox</strong></span> <span class='ocrx_word' id='word_1_362' title='bbox 984 4417 1042 4477; x_wconf 85' lang='lat' dir='ltr'><strong>AD</strong></span> <span class='ocrx_word' id='word_1_363' title='bbox 1053 4417 1309 4495; x_wconf 72' lang='lat' dir='ltr'><strong>incomprehensam</strong></span> 
     </span>
    </p>
   </div>
   <div class='ocr_carea' id='block_1_8' title="bbox 0 0 1623 5130">
    <p class='ocr_par' dir='ltr' id='par_1_8' title="bbox 0 0 1623 5130">
     <span class='ocr_line' id='line_1_41' title="bbox 0 0 1623 5130; baseline 0 0"><span class='ocrx_word' id='word_1_364' title='bbox 0 0 1623 5130; x_wconf 95' lang='lat' dir='ltr'><strong> </strong></span> 
     </span>
    </p>
   </div>
  </div>
 </body>
</html>
