3232 5130
332 442 375 505 48

331 577 479 661 penditur
499 573 698 651 exercicium,
727 590 820 655 quem
848 572 1047 654 antiquorum
1070 573 1225 641 laudabile
1247 577 1385 645 studium
1406 597 1478 646 con-

269 711 276 721 ·
332 680 506 745 mendatur.

398 782 487 861 Quod
508 784 614 845 autem
627 780 730 845 vidisti
743 780 857 845 ibidem
871 779 1100 847 multitudinem
1115 784 1272 865 copiosam
1284 788 1481 867 quorumdam

332 886 528 964 annnalium,
551 902 611 966 que
633 883 724 947 velud
746 888 885 949 monstra
907 885 1028 949 marina
1049 885 1082 950 in
1104 885 1205 969 effigie
1225 887 1363 957 humana
1383 909 1481 973 appa-

332 992 452 1069 rebant,
474 990 542 1070 ipsa
564 992 635 1053 sunt
657 988 752 1053 corda
772 987 924 1052 secularia
945 988 1003 1052 sub
1025 988 1133 1055 habitu
1150 991 1295 1072 religioso
1308 992 1480 1072 ludenda,

334 1111 394 1176 que
404 1092 600 1158 honestatem
609 1089 933 1174 babitus(l)exterius
943 1090 1113 1173 proferunt,
1124 1093 1253 1160 interius
1260 1101 1364 1162 autem
1374 1098 1482 1179 gracia

333 1202 366 1263 et
379 1195 545 1262 devocione
558 1194 648 1258 vacui
659 1198 749 1271 sunt3
772 1198 804 1258 et
818 1195 892 1260 dum
905 1195 951 1259 sic
961 1194 1114 1261 deformes
1126 1197 1175 1280 (⁶2)
1186 1198 1317 1264 interius
1328 1202 1480 1283 exterius·

332 1318 393 1383 que
405 1298 453 1382 (3)
465 1298 610 1376 existvmt,
621 1298 826 1363 monstruosis
837 1298 945 1379 utique
955 1299 1137 1365 animalibus
1148 1301 1310 1367 dissimiles
1320 1322 1384 1369 non
1394 1310 1477 1370 sunt.

329 1390 393 1483 'Qui
404 1403 453 1487 (4)
464 1401 557 1467 velud
572 1401 660 1465 asina
669 1400 798 1465 Balaam
808 1419 883 1466 voce
895 1402 1018 1483 quidem
1029 1403 1165 1469 humana
1178 1412 1369 1487 resonantes,
1383 1408 1479 1473 verba

332 1506 521 1573 abstractiva
542 1510 574 1569 et
596 1505 783 1569 documenta
804 1505 977 1587 spiritualia
997 1505 1167 1588 proferunt,
1190 1509 1245 1575 sed
1259 1512 1432 1576 concretive
1445 1517 1478 1577 et

333 1611 498 1677 carnaliter
519 1609 636 1688 vivunt,
660 1608 734 1690 quia
755 1608 840 1690 quod
860 1609 961 1675 verbis
983 1615 1015 1675 et
1028 1610 1136 1676 habitu
1148 1613 1317 1693 predicant
1340 1614 1478 1681 moribus

331 1716 504 1797 inpugnant
515 1712 574 1796 (5).
603 1698 656 1776 Ex
669 1711 729 1777 hiis
742 1718 824 1791 sunt,
838 1715 891 1794 qui
902 1719 1068 1795 penetrant
1082 1715 1189 1781 domos
1204 1717 1324 1782 urdose
1338 1723 1476 1799 agentes,

332 1837 370 1884 ac
389 1817 583 1883 mulierculas
606 1816 744 1898 captivas
760 1816 922 1896 ducentes,
946 1836 1068 1900 semper
1083 1819 1244 1900 discentes,
1264 1826 1296 1885 et
1307 1839 1476 1904 numquam

331 1924 373 1988 ad
394 1922 556 1988 scienciam
578 1921 718 1985 veritatis
740 1921 953 2002 pervenientes
966 1922 1031 2004 (elz
1055 1923 1107 2003 qui
1128 1941 1184 2005 per
1205 1925 1358 1990 vanitates
1376 1931 1409 1990 et
1428 1927 1476 1990 in-

331 2027 434 2093 sanias
454 2025 572 2109 falsas(
595 2025 640 2107 ba
662 2025 754 2089 corde
776 2043 832 2089 suo
854 2029 887 2089 et
906 2025 1038 2091 aliorum
1059 2044 1109 2091 me
1130 2027 1306 2093 excludunt.

397 2131 459 2197 Sed
481 2130 564 2211 quod
584 2129 688 2193 vidisti
710 2128 860 2210 quosdam
881 2128 924 2193 ibi
935 2129 983 2211 (8)
994 2130 1027 2193 in
1047 2129 1155 2195 habitu
1177 2137 1209 2196 et
1229 2131 1330 2197 forma
1345 2132 1476 2213 decenti,

331 2234 385 2317 qui
404 2233 498 2298 michi
518 2251 627 2297 manus
648 2232 816 2314 prebuere,
846 2216 949 2313 signat
960 2233 1010 2321 (9)
1021 2252 1185 2309 numerum
1207 2235 1392 2315 electorum,
1421 2237 1476 2317 qui

330 2339 410 2404 iuste
432 2342 464 2402 et
484 2337 535 2419 pie
556 2337 639 2400 inter
660 2336 738 2403 alios
761 2342 988 2416 conversantes,
1012 2339 1273 2420 eorumexemplo
1287 2357 1351 2404 non
1365 2340 1476 2421 depra-

329 2445 452 2520 vantur,
474 2441 529 2506 sed
550 2440 583 2504 in
603 2439 705 2504 medio
726 2440 870 2507 nacionis.
886 2446 1028 2522 pravaet
1040 2450 1194 2523 perverse,
1208 2442 1299 2506 velud
1312 2443 1477 2508 luminaria

329 2546 467 2610 luoencia
487 2545 520 2609 in
541 2544 599 2608 hoc
620 2543 736 2607 mundo
748 2543 1006 2627 caliginosoilo),
1029 2546 1123 2625 verbo
1136 2546 1200 2610 vite
1212 2545 1368 2626 proximos
1381 2564 1474 2625 quos·

330 2668 390 2732 que
411 2648 586 2714 illuminant
608 2652 641 2712 et
661 2646 862 2712 inflammant.
897 2648 957 2725 Qui
969 2646 1041 2711 licet
1055 2648 1087 2711 in
1100 2666 1213 2727 magno
1225 2647 1326 2711 adhuc
1342 2665 1471 2712 numero

328 2754 525 2819 inveniantur
546 2753 579 2816 in
601 2752 684 2816 omni
706 2756 791 2816 statu
812 2755 844 2815 et
865 2751 1013 2830 religione
1034 2769 1071 2815 ac
1092 2754 1185 2813 etate.
1197 2750 1357 2830 utriusque
1370 2768 1470 2828 sexus,

329 2856 551 2938 conparacione
572 2860 677 2919 tamen
699 2860 871 2920 ceterorum
892 2853 984 2936 pauci
1004 2857 1086 2918 sunt.
1125 2852 1206 2930 dea
1229 2870 1339 2941 revera
1366 2852 1471 2934 plures

329 2966 411 3039 sunt,
435 2961 488 3042 qui
508 2977 566 3040 per
585 2958 683 3024 latam
705 2962 737 3023 et
758 2959 930 3040 spaciosam
951 2957 1032 3022 viam
1055 2968 1115 3038 que
1126 2956 1213 3020 ducit
1224 2956 1265 3020 ml
1278 2961 1411 3021 mortem
1423 2957 1471 3020 in-

329 3064 526 3146 grediuntur,
550 3081 643 3146 quam
666 3063 719 3144 quui
739 3080 797 3143 per
818 3066 919 3129 artam
941 3062 1022 3126 viam
1044 3064 1075 3149 et
1096 3065 1260 3141 angustam
1281 3065 1404 3142 portam
1424 3062 1471 3125 in-

324 3174 412 3233 trare
425 3167 614 3233 contendunt
626 3166 712 3250 (11).Ι
740 3166 783 3230 Et
796 3165 840 3229 hii
853 3167 934 3230 inter
947 3165 1024 3230 alios
1038 3165 1117 3230 sicut
1130 3165 1201 3244 agni
1210 3166 1238 3247 (l
1247 3165 1369 3246 2)inter
1381 3165 1471 3245 lupos

328 3291 362 3339 se
383 3273 541 3350 habentes,
564 3272 644 3336 sicut
664 3270 770 3352 lylium
791 3270 874 3333 inter
894 3270 999 3350 spinas
1012 3269 1092 3351 (13),
1115 3270 1242 3334 odorem
1262 3270 1412 3333 virtutum
1433 3286 1471 3332 ex

326 3377 506 3444 tollerancia
526 3375 662 3439 reddunt
684 3373 915 3438 adversitatum.
950 3373 1002 3436 Hii
1024 3378 1096 3437 sunt
1118 3392 1194 3453 quos
1218 3373 1386 3437 reservavit
1413 3371 1471 3437 sibi

328 3483 483 3548 dominus:
507 3479 642 3559 quinon
665 3482 871 3541 curvaverunt
892 3495 993 3557 genua
1014 3494 1071 3540 sua
1093 3493 1197 3540 coram
1212 3476 1387 3558 Baal(14):
1411 3475 1475 3553 Qui

326 3606 389 3652 non
410 3585 549 3650 iecerunt
570 3600 676 3646 curam
698 3581 798 3645 carnis
820 3581 852 3644 in
874 3581 1033 3645 desideriis
1046 3578 1134 3662 (15):
1162 3579 1222 3656 Qui
1249 3579 1365 3644 habent
1392 3579 1470 3643 thau

326 3691 474 3771 scriptum
495 3688 528 3751 in
549 3685 701 3752 frontibus
723 3685 787 3750 suis
800 3683 886 3767 (16),
918 3683 1060 3747 videlicet
1080 3680 1351 3747 mortificacionem
1372 3682 1469 3748 Jbesu

327 3792 420 3859 (ivisti
439 3793 552 3872 ubique
574 3789 823 3854 circumferentes
844 3790 877 3853 in
899 3805 1028 3870 corpore
1049 3805 1123 3863 su0;
1146 3785 1276 3849 aliorum
1297 3791 1469 3866 uamgres·

325 3897 427 3962 siones
449 3915 525 3978 quas
548 3894 713 3959 emendare
734 3897 901 3973 nequeunt,
925 3895 1053 3973 gemunt
1074 3908 1111 3954 ac
1127 3889 1242 3970 lugent.
1276 3889 1328 3953 Hii
1340 3894 1469 3971 propter

370 4067 403 4134 (1)
427 4072 540 4130 habitus
564 4089 610 4129 orn
634 4069 692 4127 DG
712 4101 756 4111 —
779 4064 812 4130 (²)
834 4068 919 4126 EGH
931 4067 1073 4125 difformes
1101 4098 1145 4107 -
1167 4060 1200 4128 (3)
1223 4063 1318 4123 DPet
1345 4066 1468 4123 exterius

325 4193 369 4203 —
391 4154 425 4223 (l)
448 4159 552 4234 DQue
578 4191 622 4200 —
645 4152 678 4220 (5)
702 4153 939 4230 CEinpungnant
967 4185 1011 4196 —
1033 4148 1066 4215 (6)
1092 4153 1165 4209 Tim.
1192 4151 1241 4223 11,
1269 4153 1303 4225 3,
1332 4153 1397 4209 6-7.
1423 4182 1468 4193 —

326 4241 360 4310 (i)
390 4247 472 4304 Paci.
501 4248 557 4315 39,
588 4247 681 4302 5.-
703 4238 735 4306 (8)
760 4239 899 4299 CDGMP
912 4241 1007 4298 vidisti
1028 4240 1068 4297 ibi
1090 4238 1230 4312 quosdam
1272 4237 1350 4297 Libi
1373 4236 1468 4295 vidisti

326 4331 467 4407 quosdam
509 4330 639 4390 Evidisti
662 4328 802 4404 quosdam
816 4358 860 4369 -
882 4323 915 4390 (9)
938 4323 1263 4399 FGHMsignificat-
1285 4320 1336 4389 (10)
1358 4325 1467 4398 Philip.

325 4420 353 4493 2,
374 4421 419 4476 15.
440 4444 485 4461 ..-
506 4413 557 4481 (11)
579 4416 627 4476 Β.)
639 4414 812 4476 contendant
832 4446 877 4457 -
898 4409 949 4477 (12)
971 4413 1101 4488 Hangni
1120 4442 1165 4451 -
1186 4405 1237 4473 (13)
1262 4409 1347 4469 Cant
1373 4413 1409 4486 2,
1438 4413 1466 4469 2.

219 4551 225 4559 .
325 4536 370 4547 -
392 4498 443 4566 (14)
467 4504 552 4561 Rern.
574 4506 613 4574 ll,
635 4507 664 4561 4.
685 4536 729 4546 --
752 4497 802 4566 (¹5)
825 4501 913 4560 Rom.
934 4501 980 4571 13,
1002 4500 1046 4557 14.
1067 4528 1112 4540 -
1133 4490 1185 4560 (¹⁶)
1207 4495 1310 4556 meu
1332 4500 1360 4569 9,
1382 4499 1411 4555 4.
