3000 5196
275 356 315 414 82

273 491 387 572 probus
410 489 513 552 onmia
534 488 636 552 vincit.
671 488 898 566 Quid'mollius
920 489 1023 572 aqua?
1052 489 1133 568 Quid
1164 492 1266 574 lapide
1291 494 1421 561 durius?

273 596 315 659 Et
343 594 393 683 hic
413 591 568 677 frequenti
589 592 652 657 ictu
673 597 762 673 gutte
784 598 920 658 cavatur.
954 593 998 658 Et
1018 597 1054 658 ut
1074 612 1216 661 rumores
1237 597 1294 662 tibi
1310 598 1419 681 bonos,

273 704 306 765 et
325 697 406 763 veris
428 695 617 762 amatonbus
639 696 679 761 ad
701 696 888 762 audendum
911 696 1107 764 delectabiles
1129 698 1333 782 subinferam,
1362 722 1420 769 no·

271 802 353 869 veris
375 796 459 882 qood
470 786 529 864 hec
543 799 732 865 diunissima
744 820 802 882 pro
817 818 880 882 qua
892 800 1015 867 laboras
1030 820 1146 884 sponsa
1164 805 1268 885 rogari
1283 806 1418 892 vult,(1)

272 905 425 988 obsequiis
447 903 627 969 delectatur.
662 904 737 982 Quis
758 900 796 969 ve
817 909 883 969 tam
904 906 1006 971 subito
1029 912 1060 972 et
1073 907 1165 991 (alin
1186 909 1279 974 rebus
1295 912 1419 978 caducis

274 1013 393 1095 optinet
410 1009 497 1091 ,quod
519 1008 616 1073 amori
637 1007 886 1089 placetl'Roget
906 1010 1037 1091 proinde
1059 1015 1092 1075 et
1103 1011 1152 1095 (3)
1163 1014 1300 1094 postulet
1313 1008 1353 1080 ae'
1363 1016 1419 1081 ob-

272 1113 442 1197 secrct·(4),
464 1130 522 1176 nec
543 1112 689 1190 desistat3
712 1116 744 1176 et
766 1130 824 1195 ego
846 1113 962 1178 eivere
973 1114 1022 1197 (5)
1034 1113 1195 1180 introitum
1215 1117 1303 1182 iuxta
1316 1119 1417 1186 cordis

270 1214 377 1286 uotoni
404 1217 562 1300 promitto.
601 1215 672 1280 Non
701 1221 749 1281 est
778 1216 861 1280 enim
872 1216 920 1300 (6)
933 1217 1060 1282 inventa
1088 1220 1121 1284 in
1143 1220 1284 1288 omnibns
1305 1221 1417 1290 finibus

270 1322 403 1402 Jsrohd,
426 1338 486 1402 que
507 1323 572 1383 tam
593 1308 693 1384 facilis¹
705 1319 747 1384 sit
761 1320 802 1385 ad
818 1322 1017 1405 exorandum,
1031 1327 1097 1387 tam
1110 1328 1254 1407 prompta
1268 1326 1310 1391 ad
1323 1345 1417 1392 exau·

272 1427 432 1504 diendum,
446 1423 494 1508 (7)
506 1424 550 1517 ad·
567 1423 759 1515 reddendum
781 1429 846 1489 tam
868 1426 936 1507 pia,
965 1426 1045 1492 sicut
1073 1427 1131 1492 hec
1151 1432 1207 1491 tua
1228 1429 1417 1496 divinissima

271 1549 404 1615 sponsa:
427 1529 475 1611 En
497 1546 553 1610 pre
574 1527 787 1609 magnitudine
808 1530 922 1594 amoris
944 1548 978 1594 se
1001 1531 1143 1596 cohibere
1165 1533 1218 1598 diu
1238 1553 1301 1600 non
1322 1534 1414 1615 valet.

270 1636 341 1700 Non
362 1636 466 1716 potest
487 1636 650 1713 expectare
672 1632 770 1697 donec
790 1620 927 1713 rogetur,
950 1634 1006 1698 sed
1027 1641 1224 1718 preoccupat'
1237 1655 1271 1702 se
1283 1630 1416 1718 queren-

269 1720 340 1819 tes,
350 1738 381 1803 et
403 1756 436 1804 se
457 1737 592 1819 priorem
615 1737 659 1801 eis
681 1737 816 1802 ostendit
828 1728 903 1819 (8).'
923 1736 992 1802 Stat
1013 1739 1045 1803 in
1066 1739 1143 1820 foro,
1166 1742 1198 1806 in
1220 1742 1322 1807 medio
1347 1743 1416 1824 pla-

254 1849 400 1922 tearum,
422 1840 582 1923 inferibus
603 1844 764 1921 portarum
787 1841 841 1907 dat
854 1859 961 1907 vocem
975 1845 1134 1927 suam(9),
1157 1864 1264 1911 omnes
1278 1847 1415 1914 alliciens

269 1942 302 2013 et
323 1948 364 2012 ad
384 1963 475 2011 suum
496 1943 622 2008 trahens
645 1948 771 2008 cunctos
794 1961 942 2009 amorem.
984 1946 1043 2025 Qui
1065 1966 1115 2012 me
1136 1965 1245 2014 amare
1265 1950 1413 2031 voluerit,

270 2036 514 2131 omnitempore
535 2066 586 2112 me
607 2066 696 2113 suam
717 2047 881 2113 amabilem
896 2054 1038 2131 spectem
1050 2052 1121 2136 (10)
1132 2053 1266 2135 studeat,
1289 2055 1368 2120 sicut
1381 2059 1414 2119 et

268 2174 325 2237 ego
346 2153 459 2235 iugiter
480 2170 583 2242 meum
605 2156 775 2217 amatorem
792 2156 933 2234 spectare
949 2156 1110 2220 consuevi.
1145 2155 1302 2238 Siquidem
1315 2159 1423 2224 nescit.

264 2264 371 2324 utrum
393 2257 431 2322 ab
453 2256 572 2322 oriente
592 2255 642 2320 vel
658 2254 696 2320 ab
713 2256 872 2341 occidente
886 2276 943 2329 seu
959 2276 978 2322 a
992 2261 1203 2341 septentrione
1217 2265 1272 2325 aut
1284 2262 1413 2326 meridie

266 2363 370 2430 veniat
384 2378 476 2443 quam
488 2359 558 2443 (ll)
568 2358 766 2442 prestolatur.
795 2354 1040 2442 Jgnorat'eciam
1056 2350 1162 2451 utrum
1175 2383 1266 2429 mane
1283 2364 1410 2448 Velm)

141 2528 145 2533 .
266 2464 394 2531 meridie
416 2480 456 2528 an
477 2463 725 2547 gallicantu(13)
737 2464 873 2563 hostium
894 2466 1006 2548 pulset,
1030 2471 1062 2531 et
1075 2468 1189 2550 aperiri
1202 2464 1299 2550 petat.
1328 2469 1410 2532 Nam

267 2571 370 2652 sepius
392 2568 466 2632 dum
486 2568 606 2647 enimus
628 2585 678 2648 me
696 2568 857 2648 ¹querendo
880 2569 988 2633 anxius
1012 2571 1129 2650 existit,
1160 2572 1317 2653 querendo
1346 2589 1409 2636 non

265 2674 397 2753 invenit3
419 2672 474 2737 sed
487 2689 567 2737 oum
588 2671 714 2735 minime
734 2671 900 2752 putaverit,
925 2672 1070 2737 dilectum
1084 2681 1261 2756 presentem
1273 2675 1407 2740 habebit.

264 2779 394 2860 Semper
415 2776 496 2840 enim
518 2774 608 2857 cupio
631 2774 775 2838 dilectam
796 2776 894 2839 amori
917 2793 985 2840 esse
1005 2784 1165 2867 paratam;
1194 2797 1252 2844 nec
1277 2797 1347 2844 eam
1369 2780 1408 2844 de

260 2884 324 2950 suis
345 2879 474 2960 meritis,
495 2879 565 2961 plus
588 2896 680 2960 quam
699 2878 738 2943 de
752 2896 822 2943 mea
838 2860 1018 2961 dignacione
1031 2882 1102 2947 volo
1117 2881 1280 2959 confidere.
1309 2883 1407 2949 Porro

261 3005 325 3052 non
345 2982 573 3050 sufficitunam
593 2982 735 3074 horulam
756 2984 905 3065 temporis
928 3002 998 3049 cum
1015 2985 1127 3051 dilecto
1140 2986 1211 3072 (14)
1223 2988 1405 3070 expendere,

260 3091 317 3158 sed
337 3106 463 3154 necesse
484 3091 532 3153 est
544 3087 771 3183 sepiuslvaoare
786 3091 818 3151 et
831 3086 936 3177 videre
948 3088 1028 3172 (15),
1052 3090 1104 3172 qui
1127 3091 1192 3175 eius
1207 3090 1405 3176 occulta(16)

259 3194 398 3263 susurria
417 3193 485 3257 vult
500 3191 692 3271 intelligere,
721 3194 754 3254 et
773 3192 935 3272 presencia
956 3193 1021 3257 eius
1043 3195 1137 3279 potiri
1158 3196 1314 3261 desiderat
1334 3215 1406 3279 pre-

259 3302 351 3369 ciosa.
391 3297 435 3362 Et
461 3300 498 3360 ut
526 3294 674 3359 dulcibus·
692 3292 752 3359 hiis
781 3286 984 3360 sermonibus
995 3297 1090 3362 verba
1115 3299 1322 3382 increpatoria
1341 3319 1404 3366 non

255 3409 361 3469 tamen
382 3402 483 3468 minus
506 3398 657 3463 amatoria
678 3382 871 3478 misceamus,
888 3416 1019 3483 arguere
1034 3398 1170 3466 baldete
1183 3407 1316 3484 oportet,
1332 3405 1405 3486 quia

254 3502 328 3574 vere
348 3507 380 3571 in
393 3502 462 3589 (lt)
474 3501 650 3567 huiusmodi
670 3503 826 3568 exerciciis
848 3502 962 3568 amoris
976 3504 1232 3591 reprehensibilis
1259 3524 1301 3572 es.
1341 3506 1404 3573 Gur

255 3611 454 3697 prochpudor
474 3607 584 3690 tuqui
605 3606 750 3673 miliciam
773 3607 887 3673 amoris
907 3602 1119 3689 assumpsisti,
1148 3610 1202 3693 qui
1230 3610 1311 3676 hane
1332 3631 1404 3679 nos

253 3721 337 3782 tram
359 3712 603 3799 phylosophyam
623 3711 785 3795 professus
803 3730 852 3793 es,
877 3717 916 3807 et
944 3712 1010 3778 eius
1040 3712 1120 3777 dulci
1141 3713 1214 3795 iugo
1235 3713 1398 3781 humerum

254 3827 344 3888 tuum
357 3814 560 3902 subposuisti:
583 3814 647 3880 Gur
659 3817 785 3899 inquam
798 3816 984 3898 vagabundo
997 3816 1091 3882 corde
1105 3822 1137 3882 ct
1151 3818 1247 3885 oculis
1262 3819 1402 3887 tremulis

306 3993 354 4064 o)
378 3970 522 4056 corsua
541 3998 570 4053 e
590 4026 635 4035 -
657 3986 690 4054 (a
714 3997 743 4054 a
764 4008 812 4050 om
835 3991 883 4052 ce
904 4004 949 4037 -ι
971 3991 1004 4060 (3)
1028 3993 1141 4056 onae
1154 4029 1199 4043 -
1220 3989 1259 4072 ¹to
1283 3994 1401 4056 coeo

253 4088 386 4151 obsecret
418 4082 644 4143 Dobsecret-
657 4073 699 4141 le)
721 4077 858 4138 DGvere
880 4083 960 4138 el—
981 4077 1016 4148 (θ)
1040 4083 1152 4149 Benim
1175 4090 1273 4142 est—
1290 4078 1327 4147 (7)
1348 4083 1399 4142 ΕΡ

254 4175 316 4232 cdd
336 4179 365 4235 et
385 4203 430 4214 -
452 4163 486 4234 (⁸)
508 4168 638 4244 septeno
662 4161 999 4239 o,14.-'-l9lProv.
1023 4172 1051 4243 l,
1079 4172 1183 4231 20-21.
1204 4202 1248 4212 —
1270 4165 1322 4234 (1⁰)
1344 4169 1400 4229 EG

254 4265 418 4337 expectare:
440 4261 485 4316 ita
507 4262 535 4314 et
550 4255 648 4333 poulo
663 4259 743 4331 port.
763 4284 809 4294 —
829 4247 881 4316 (Π)
905 4253 1025 4331 anem
1053 4286 1098 4298 -··
1119 4252 1171 4320 (Ῑῖ)
1195 4256 1293 4316 CPan
1315 4274 1399 4316 mane
1484 4284 1486 4291 ¹

253 4349 321 4416 aut3
340 4360 412 4403 moe
431 4343 519 4405 Paut
561 4339 652 4401 Mvel
672 4373 716 4383 —
738 4332 790 4405 (13)
813 4336 915 4398 Godd
933 4346 1001 4399 ante
1021 4371 1065 4382 —
1086 4336 1138 4404 (14)
1160 4340 1329 4402 APdlleeta
1355 4376 1399 4387 -

252 4421 304 4490 (15)
327 4426 410 4483 Paul.
430 4431 479 4498 45,
500 4431 540 4489 11.
561 4427 635 4490 Moe
655 4426 678 4489 J
688 4444 745 4505 que
766 4459 810 4470 -
832 4420 884 4489 (¹⁸)
905 4424 1044 4486 Hoculta
1063 4458 1108 4470 -
1129 4422 1181 4490 (17)
1204 4428 1302 4490 OPde
