3000 5196
224 362 227 369 ·
302 327 366 390 208

302 463 443 528 omnibus
472 460 582 527 ceteris
610 459 759 525 similibus
772 459 838 542 (l),
867 478 990 524 sursum
1021 460 1115 523 corde
1145 460 1265 525 elevato
1296 465 1329 525 et
1359 461 1462 528 oculis

302 584 340 631 ac
359 565 500 630 manibus
521 565 553 628 in
575 565 673 629 celum
695 565 823 629 intentis
846 565 895 629 dio
917 582 955 628 ex
968 564 1086 629 intimis
1098 564 1201 628 cordis
1216 565 1263 629 tui
1279 563 1460 630 affectibus:

304 670 331 734 O
352 685 504 750 generosa
526 671 558 731 et
579 667 787 750 pulcherrima
809 668 983 748 sapiencia,
1013 668 1182 747 secundum
1213 669 1461 750 speciosissimas

304 780 337 839 et
357 772 541 838 excellentes
564 772 657 836 huius
679 773 725 836 rei
746 767 960 853 prerogativae
983 776 1014 836 et
1025 773 1154 852 gracias,
1178 773 1263 836 milia
1276 774 1397 838 milium
1410 792 1461 838 ce·

302 879 426 944 lestium
450 876 608 956 agminum
629 876 688 941 tibi
708 874 953 941 ministrandum
974 880 1007 939 te
1029 893 1067 940 ex
1088 864 1139 939 me
1162 864 1315 957 salutent,
1347 882 1379 942 11
1405 879 1461 943 de-

304 983 365 1046 cies
386 981 485 1045 milies
508 984 639 1057 centena
662 980 747 1045 milia
768 980 1053 1045 tibiassistencium
1075 984 1108 1042 te
1130 978 1311 1061 glorificent,
1334 986 1367 1045 11
1388 982 1460 1045 uni-

303 1086 431 1151 versalis
452 1085 594 1167 melodya
616 1085 754 1150 omnium
776 1090 989 1149 creaturarum
1010 1089 1042 1147 te
1065 1102 1103 1147 ex
1124 1102 1174 1148 me
1197 1085 1353 1149 collaudet
1373 1105 1460 1150 nunc

305 1195 337 1256 11
356 1191 540 1255 maternum.
570 1186 832 1253 DISCIPULUS:
856 1188 883 1254 Ο
903 1189 979 1253 deus
998 1188 1164 1267 eteme,·si
1181 1193 1247 1252 tam
1261 1189 1397 1253 iocunda
1411 1195 1461 1255 est

303 1294 371 1359 laus
393 1295 451 1372 vie,
475 1293 574 1374 qualis
598 1293 657 1357 erit
678 1293 745 1358 laus
768 1292 891 1374 patrie?
924 1292 950 1357 Ο
972 1293 1000 1357 si
1021 1296 1147 1356 tantum
1167 1292 1301 1363 delectat
1314 1293 1380 1358 eius
1392 1312 1459 1358 me-

305 1397 413 1476 moria,
437 1397 511 1477 quid
534 1397 593 1460 erit
616 1397 655 1460 de
677 1397 859 1478 presencia?
887 1396 949 1461 Sed
963 1396 1152 1477 prochdolor
1166 1414 1223 1477 per
1236 1396 1380 1460 1111111
1390 1397 1459 1461 lau·

307 1503 354 1567 dis
365 1501 412 1583 (2)
424 1501 545 1564 miram,
564 1504 596 1565 11
623 1498 808 1565 ineffabilem
838 1500 1030 1564 dulcedinem
1055 1500 1197 1565 Odivina
1224 1501 1380 1582 sapiencia
1405 1520 1460 1567 cor

306 1623 410 1670 meum
423 1605 541 1686 pariter
555 1604 750 1683 iocundatuu
774 1608 807 1667 et
816 1609 921 1667 tamen
936 1604 1087 1668 introrsus
1096 1601 1145 1686 (3)
1152 1604 1240 1684 quasi
1255 1605 1360 1668 dolore
1370 1606 1459 1685 gravi

306 1709 472 1801 sauciatur.
506 1707 584 1773 (lum
607 1709 689 1773 enim
710 1709 743 1772 in
764 1708 824 1772 hac
844 1708 923 1771 valle
944 1709 1069 1772 miserie
1089 1725 1140 1772 me
1163 1726 1230 1772 esse
1253 1709 1364 1788 cogito,
1388 1714 1457 1774 eta

306 1811 445 1894 perfecta
457 1813 550 1876 laude
565 1813 728 1877 beatorum
742 1830 792 1875 me
808 1811 909 1875 adbuc
919 1817 985 1877 tam
996 1812 1088 1892 longe
1099 1796 1383 1893 distare‘prospicio
1392 1813 1457 1896 (4):

306 1917 388 1981 inter
408 1934 516 1983 vocem
536 1917 636 1982 laudis
655 1921 827 1997 erumpunt
846 1916 965 1996 pariter
987 1921 1020 1979 et
1040 1917 1167 1980 lacrimo
1194 1918 1323 1982 meroris
1336 1917 1396 2000 (5).
1431 1919 1458 1984 Ο

307 2021 432 2104 quando
453 2021 557 2085 veniet
579 2021 645 2087 dies
667 2020 729 2084 illa·
745 2020 921 2099 desiderata
951 2038 1010 2101 que
1032 2039 1082 2084 me
1103 2021 1246 2085 liberabit
1267 2021 1459 2102 decerpere

307 2124 415 2191 mortis
436 2125 528 2219 huius
540 2126 598 2209 (6).
634 2125 707 2203 Quis
730 2125 812 2188 enim
841 2143 903 2189 non
926 2124 1030 2205 cupiat
1052 2128 1084 2187 11
1113 2118 1312 2188 vehementer
1337 2126 1459 2191 deside-

307 2232 356 2293 ret
378 2228 502 2295 dissolvi
524 2235 557 2294 11
579 2248 649 2294 cum
672 2228 773 2294 Crista
796 2219 933 2313 111117),
957 2233 989 2292 11
1009 2229 1144 2292 transire
1165 2229 1203 2293 de
1217 2234 1301 2293 statu
1322 2231 1457 2310 miserie,

308 2333 347 2396 da
368 2332 435 2398 loco
457 2351 562 2414 pugne
574 2332 634 2417 (8),·
655 2333 688 2398 in
709 2333 884 2397 libertatem
906 2332 1003 2413 glorie
1018 2330 1152 2425 filiorum
1167 2332 1458 2414 dei?·Temp11s.est

308 2424 583 2502 commeaufficit
602 2437 706 2501 michi.
730 2437 821 2502 Tolle
840 2437 975 2501 11111111
992 2454 1104 2500 meam.
1128 2437 1236 2518 Neque
1250 2438 1332 2501 enim
1346 2438 1457 2502 melior

306 2559 376 2607 sum
398 2559 492 2622 quam
513 2547 620 2623 patres
642 2542 713 2606 mei.
746 2542 828 2605 Ecce
850 2560 942 2622 quam
964 2541 1155 2622 periculosus
1169 2541 1260 2606 huius
1274 2541 1458 2606 mundista-

307 2650 359 2711 tus
379 2646 487 2729 incipit
509 2665 586 2711 esse.
620 2646 701 2710 Ecce
723 2649 799 2726 quot
819 2645 902 2709 mala
922 2645 1133 2725 incipiuntex
1162 2645 1246 2710 omni
1274 2651 1363 2726 parte
1388 2664 1458 2711 suc-

287 2767 455 2820 crescere.
478 2747 526 2813 Ve
547 2746 594 2812 Ve
615 2748 857 2829 parturientibus
881 2751 913 2810 et
923 2748 1130 2815 nutrientibus
1151 2747 1184 2811 in
1198 2748 1265 2812 istis
1280 2747 1408 2831 diebus(
1429 2749 1457 2833 l.

307 2851 395 2917 Felix
417 2852 470 2932 qui
491 2852 570 2915 bene
591 2856 720 2931 paratus
743 2854 875 2914 mortem
898 2854 1042 2931 expectat
1063 2851 1277 2933 propinquam.
1314 2851 1376 2916 Sed
1398 2869 1456 2931 ego

309 2954 478 3019 feliciorem
501 2954 646 3034 dixerim,
677 2954 730 3036 qui
757 2954 819 3018 iam
848 2955 975 3020 deloco
998 2954 1196 3044 mortalitatis
1218 2956 1341 3020 transiit
1362 2959 1394 3018 11
1416 2956 1457 3019 ad

225 3115 229 3121 .
309 3049 470 3123 ethereum
491 3057 662 3122 thalamum
682 3056 812 3122 feliciter
833 3061 983 3139 pervenit.
1016 3058 1084 3140 Ego
1108 3065 1212 3123 autem
1230 3060 1287 3141 qui
1311 3063 1457 3123 neutrum

307 3161 416 3240 habeo,
440 3162 596 3243 quomodo
619 3162 771 3227 consolari
792 3162 924 3243 potero?
958 3162 983 3227 0
1008 3162 1083 3226 deus
1105 3180 1208 3242 meus,
1236 3163 1458 3247 quid(10)·de-

307 3265 361 3329 bet
382 3265 506 3331 interim
527 3265 561 3331 in
582 3269 631 3331 tot
651 3265 807 3331 laboribus
830 3270 862 3329 et
884 3266 1033 3346 angustiis
1047 3266 1259 3346 prementibus
1271 3264 1458 3331 reficerevel

307 3367 455 3435 letificare
475 3369 612 3435 animam
636 3388 738 3435 meam
751 3370 843 3453 (11)?
875 3368 1111 3434 SAPIENGIA:
1142 3369 1222 3434 Ecce
1250 3369 1344 3432 babes
1374 3370 1458 3434 unde

309 3473 434 3539 interim
454 3474 511 3543 tibi
532 3473 708 3556 aliqualiter
730 3474 890 3540 consulere
911 3474 1021 3555 possis,
1044 3473 1186 3538 videlicet
1211 3473 1291 3537 hanc
1311 3463 1457 3552 paginam

308 3578 439 3644 iocunde
460 3578 562 3645 laudis
584 3579 695 3659 divine,
719 3598 812 3660 quam
834 3577 1013 3659 frequenter
1035 3578 1212 3659 replicando
1230 3575 1381 3647 consolari
1400 3596 1457 3657 po·

308 3683 384 3772 teris
405 3682 438 3747 in
460 3682 609 3760 adversis.
643 3681 786 3764 Namque
807 3682 909 3746 leticia
930 3680 1100 3762 spiritualis
1131 3686 1164 3745 et
1192 3681 1336 3746 alacritas
1356 3680 1456 3746 laudis

309 3785 421 3865 divine,
444 3790 493 3851 eat
514 3787 780 3876 quasicquoddam
801 3786 977 3867 proludium
995 3785 1158 3851 celestium
1182 3784 1457 3865 gaudiorum,'ubi

308 3908 363 3956 ore
383 3889 477 3971 pleno
499 3894 530 3955 et
552 3889 646 3957 eorde
666 3890 798 3955 iocunde
820 3908 927 3965 omnes
949 3890 1039 3955 electi
1060 3907 1110 3954 me
1132 3889 1303 3954 laudabunt
1332 3894 1364 3952 11
1391 3889 1457 3969 glo·

306 3992 470 4061 rificabunt
489 3994 673 4082 metemum.
704 3994 772 4060 Hoc
791 3994 859 4059 laus
879 3993 986 4059 divina
1000 4000 1137 4061 mentem
1150 3994 1182 4057 in
1196 3995 1334 4059 adversis
1348 3993 1456 4072 reficit

374 4131 408 4198 (l)
432 4122 509 4193 CDP
521 4135 660 4194 similibus
682 4137 836 4193 ceteris—
860 4130 893 4197 (2)
917 4134 1045 4194 Elaudis
1068 4144 1170 4195 111-
1184 4130 1218 4197 (3)
1241 4135 1293 4189 OD
1304 4135 1458 4192 introrsum

306 4251 353 4265 -
375 4218 408 4285 14)
431 4221 484 4280 DF
495 4223 690 4303 perspicio-
712 4218 745 4284 (5)
768 4220 989 4281 1111111111-
1011 4217 1045 4286 (fl)
1069 4223 1155 4282 Rom
1179 4221 1206 4289 7,
1226 4219 1330 4274 21-
1353 4214 1386 4281 (7)
1400 4220 1458 4277 Lbl

307 4312 340 4364 et
360 4324 424 4365 essa
446 4325 511 4369 cum
534 4308 635 4368 Crista.
660 4308 767 4384 Philip.
789 4310 813 4381 1,
836 4310 949 4367 11.-
973 4303 1007 4370 (8)
1031 4299 1456 4378 cuflpungno—l‘llMaao.

306 4393 365 4461 24,
392 4395 437 4451 19.
465 4389 581 4456 -(10)
604 4392 709 4455 ΑΒΜ
720 4397 784 4471 quis
811 4424 858 4485 -f
886 4389 936 4457 (ll)
959 4409 1054 4450 meam
1076 4408 1125 4449 om
1148 4388 1201 4447 BD
