3232 5130
413 352 475 413 144

411 503 490 564 mus,
511 486 626 566 quanto
648 483 716 565 quis
737 487 881 566 expertus
903 482 1016 548 amoris
1038 482 1185 549 dilectum
1206 501 1297 549 suum
1318 482 1491 552 fervcnoius
1506 485 1555 551 di·

408 589 485 671 ligit,
508 592 540 652 et
560 591 674 669 quanto
697 587 799 652 dilecti
818 587 978 670 presencia
999 587 1207 654 honorabilior
1221 592 1254 652 et
1277 588 1493 670 delectabilior,
1517 607 1556 655 ac

411 691 516 758 utilior
534 690 595 756 sibi
615 691 718 756 existit
729 690 788 775 (1),
812 696 899 757 tanto
922 691 988 757 eius
1009 691 1145 773 privacio
1158 692 1307 757 maiorem
1323 692 1484 758 tristiciam
1498 694 1555 758 ad-

333 834 338 843 ·
410 795 505 861 ducit.
538 793 600 860 Sed
620 812 692 863 uere
714 799 747 859 et
767 795 884 876 absque
906 795 991 860 omni
1012 794 1206 860 dubitacione
1228 795 1330 875 credo,
1354 797 1437 877 quod
1450 797 1557 862 dilecti

410 900 460 965 tui
476 903 568 981 grata
587 898 746 982 presencia
765 898 798 964 in
820 899 903 964 cmm
924 899 1028 980 gracia
1043 903 1222 964 cunctorum
1237 900 1413 964 mortalium
1426 918 1557 982 presen-

411 1003 490 1069 ciam
509 1001 779 1084 inconparabiliter
799 1002 973 1067 excedebat.
1007 1001 1134 1067 Referat
1165 1020 1238 1084 ergo
1267 1003 1355 1068 nobis
1381 1008 1497 1084 mater,
1528 1003 1557 1069 si

410 1105 508 1173 11110111
528 1106 561 1171 in
582 1109 671 1170 tanta
693 1105 858 1171 dilectione
879 1105 1037 1185 habuerit,
1060 1111 1096 1169 ut
1117 1124 1156 1170 ex
1177 1124 1213 1171 eo
1235 1105 1326 1171 lotari
1347 1107 1484 1188 potuerit
1504 1106 1557 1171 vel

411 1211 509 1277 ocium
529 1210 647 1286 tristari
658 1208 717 1293 (2).
751 1208 904 1276 Procedat
925 1227 1007 1274 nuno
1028 1209 1060 1274 in
1090 1210 1242 1290 medium,
1273 1214 1306 1274 et
1333 1211 1438 1275 taliter
1464 1211 1557 1276 nobis

410 1313 605 1398 respondeat,
627 1314 697 1380 viva
719 1332 804 1394 voce,
827 1331 956 1397 corpore
978 1313 1102 1396 quidem
1123 1314 1244 1394 absens,
1267 1315 1378 1396 spiritu
1398 1333 1557 1397 1010010-

410 1432 493 1498 sens,
515 1425 547 1484 et
569 1419 667 1483 dicat:
691 1418 758 1496 Qui.
771 1436 822 1483 me
842 1417 990 1483 humilem
1011 1417 1152 1482 ancillam
1174 1435 1212 1482 ex
1229 1419 1334 1500 gracia
1349 1419 1491 1500 dignatum
1505 1424 1558 1485 est

411 1524 445 1589 in
465 1527 597 1587 matrem
608 1521 657 1606 (3)
669 1522 798 1604 eligere,
817 1523 895 1605 ipse
924 1530 978 1588 c'or
1005 1540 1109 1587 meum
1133 1522 1347 1589 ardentissimo
1369 1541 1474 1589 amore
1495 1524 1558 1589 sibi

412 1626 645 1707 constrinxerat,
668 1631 877 1708 utnusquam
898 1627 957 1692 nisi
980 1626 1019 1691 de
1040 1627 1107 1709 ipso
1130 1631 1162 1691 et
1182 1628 1215 1692 in
1236 1628 1303 1710 ipso
1326 1628 1452 1710 spiritus
1464 1646 1557 1698 meus

410 1748 563 1798 summam
583 1730 717 1795 leticiam
739 1735 771 1796 et
791 1731 952 1797 tristiciam
973 1735 1079 1812 posset
1100 1731 1246 1813 recipere.
1278 1731 1359 1796 Nam
1372 1732 1419 1816 (4)
1431 1733 1465 1796 in
1483 1732 1557 1814 ipso

412 1838 523 1901 cuncta
543 1835 749 1917 possederam,
773 1835 899 1916 eiusque
920 1835 1045 1900 ddeccio
1068 1839 1136 1900 erat
1145 1835 1238 1900 michi
1253 1837 1351 1902 tocius
1366 1836 1447 1902 orbis
1460 1837 1558 1919 plena

338 1944 340 1949 '
411 1940 573 2024 possessio.
606 1939 718 2004 Anima
738 1958 809 2005 mea
829 1939 871 2005 ibi
892 1943 960 2003 erat
981 1938 1034 2003 ubi
1054 1938 1167 2005 Jhcsus
1189 1943 1266 2020 erat,
1288 1941 1448 2022 magisque
1466 1940 1499 2003 in
1515 1959 1556 2006 eo

353 2054 357 2059 ’
411 2062 506 2127 quam
525 2044 559 2108 111
579 2043 697 2125 meipsa
717 2043 866 2109 vivebam.
900 2042 1079 2125 Speciosum
1099 2042 1199 2108 forma
1219 2062 1275 2125 pre
1296 2043 1365 2117 filiis
1393 2044 1557 2110 hominum

411 2148 577 2230 inspicere,
608 2150 676 2212 erat
696 2147 796 2213 cordis
818 2147 879 2213 mai
899 2147 1088 2225 iocunditas,
1117 2146 1308 2211 divinitatem
1329 2147 1394 2213 eius
1416 2151 1557 2213 contem·

410 2253 501 2336 plari,
524 2251 620 2317 dulcis
642 2252 787 2317 suavitas.
822 2251 965 2334 Cogitato
988 2251 1026 2316 de
1047 2269 1094 2330 eo,
1108 2250 1201 2316 michi
1214 2252 1374 2333 prestabat
1387 2253 1555 2335 gaudium,

412 2356 451 2423 de
473 2374 511 2422 co
531 2357 630 2439 loqui,
662 2356 869 2421 dulcissimum
889 2355 948 2420 fuit
968 2355 1129 2421 solacium,
1159 2353 1263 2421 Verba
1284 2373 1322 2420 ex
1348 2357 1414 2422 eius
1436 2375 1489 2422 010
1501 2357 1555 2440 (5)

412 2460 535 2540 andire,
566 2460 779 2526 suavissimum
806 2459 899 2524 michi
926 2463 994 2523 erat
1020 2476 1178 2540 organum.
1215 2459 1291 2541 Jpsc
1313 2460 1413 2526 cordis
1424 2459 1473 2544 (6)
1484 2467 1558 2527 erat

410 2565 578 2648 speculum,
601 2565 759 2629 oculorum
781 2581 921 2628 meorum
942 2562 1161 2645 spectaculum.
1196 2562 1328 2629 dolestia
1339 2565 1430 2630 simul
1444 2569 1476 2630 et
1488 2570 1557 2632 ter·

411 2670 522 2736 restria
534 2667 581 2752 (7)
594 2686 714 2750 queque
742 2669 840 2746 bona,
866 2685 925 2731 sua
951 2666 1044 2730 michi
1071 2668 1231 2749 presencia
1259 2672 1366 2750 optata
1394 2670 1555 2750 prebebat.

411 2774 503 2838 Hunc
522 2774 617 2853 igitur
638 2769 734 2835 filium
755 2771 956 2852 unigenitum,
980 2771 1079 2835 cordis
1101 2773 1162 2837 mei
1175 2771 1355 2838 thesaurum
1366 2774 1554 2857 preciosum,

412 2897 482 2943 cum
503 2875 598 2941 oculis
621 2875 746 2940 elevatis
768 2875 913 2943 vidissem
934 2875 980 2940 sic
1008 2877 1278 2958 contemptibiliter
1305 2877 1337 2940 in
1367 2895 1455 2942 cruce
1481 2897 1556 2944 cum

403 2980 580 3058 'latronibus
591 2998 782 3062 suspensum,
802 2982 834 3044 et
845 2978 1000 3044 doloribus
1012 2981 1120 3046 mortis
1131 2982 1355 3062 angustiatum:
1378 2982 1446 3047 Ach
1458 3000 1555 3063 quam

410 3084 621 3151 intollerabilis
642 3083 734 3149 michi
755 3083 806 3148 hic
833 3088 975 3165 aspectus
1003 3090 1084 3164 erat,
1113 3085 1140 3150 0
1168 3104 1261 3167 quam
1288 3087 1491 3152 lamentabilis
1519 3092 1556 3151 et

410 3206 527 3273 penosa
547 3187 604 3253 hec
625 3187 717 3252 michi
739 3188 815 3253 visio
836 3186 904 3252 fuit.
945 3188 1057 3253 Anima
1085 3207 1156 3254 mea
1184 3208 1240 3272 pre
1269 3191 1375 3256 dolore
1396 3191 1555 3256 cruciaba-

409 3291 662 3377 tur(8),viscera
681 3296 823 3356 materna
843 3293 1062 3358 sauciabantur
1074 3292 1131 3377 (9),
1156 3298 1187 3358 et
1209 3296 1475 3360 commoriebantur
1486 3315 1555 3361 om-

409 3399 462 3463 nia
483 3414 553 3463 ossa
573 3416 651 3462 mea.
685 3396 793 3462 Virtus
816 3399 914 3463 omnis
935 3397 1076 3476 evanuit,
1104 3416 1211 3463 sensus
1233 3417 1253 3463 a
1274 3417 1324 3464 me
1344 3400 1487 3478 recessit,
1519 3403 1555 3464 et

411 3502 569 3568 calamitas
589 3519 640 3566 me
662 3502 816 3584 oppressit
837 3502 986 3567 inmensa}
1019 3501 1132 3567 Oculos
1160 3502 1338 3569 lacrimosos
1363 3521 1485 3569 sursum
1506 3504 1554 3569 le·

408 3607 487 3685 vavi,
511 3607 657 3671 dilectum
678 3625 781 3672 meum
803 3624 986 3688 suspensum
1007 3606 1079 3686 vidi,
1096 3624 1153 3671 nec
1166 3607 1224 3671 sibi
1239 3608 1271 3671 in
1286 3608 1387 3690 aliquo
1403 3608 1553 3673 solacium

408 3708 488 3775 lerre
509 3711 605 3792 potui.
638 3711 772 3792 Respexi
793 3711 954 3791 deorsum,
979 3715 1011 3776 et
1034 3729 1103 3775 cum
1126 3711 1232 3776 dolore
1253 3711 1391 3777 inmenso
1412 3711 1476 3777 vidi
1497 3730 1552 3778 eos

409 3815 462 3896 qui
482 3832 585 3879 meum
606 3814 785 3879 thesaurum
806 3818 975 3896 rapuerant
997 3820 1029 3880 ot
1051 3820 1115 3879 tam
1138 3815 1302 3881 crudeliter
1323 3820 1469 3881 vexantes
1485 3819 1553 3880 tor-

409 3919 553 4000 quebant.
586 3918 613 3983 0
636 3922 785 4000 quantum
808 3919 911 3983 anima
938 3937 1008 3983 mea
1036 3920 1078 3983 in·
1097 3938 1147 3984 me
1176 3921 1426 4002 angustiabatur,
1456 3939 1553 4002 quam

408 4040 519 4103 magno
542 4021 815 4105 cruciabatur(10)
829 4021 944 4087 dolore.
980 4006 1080 4089 corne
1101 4025 1224 4107 privata
1252 4043 1353 4106 eram,
1384 4025 1456 4106 quia
1482 4024 1552 4107 ipse

472 4159 506 4226 (ll
530 4163 578 4224 GJ
590 4166 749 4224 exstitit—
770 4159 804 4229 (2)
827 4165 1077 4226 Bccntristari-
1099 4163 1132 4232 (3)
1155 4167 1212 4226 AD
1224 4170 1253 4225 111
1275 4176 1394 4227 matrem
1416 4169 1552 4244 dignatus

409 4257 452 4308 est
482 4283 526 4295 -
548 4246 582 4315 (4)
604 4252 703 4310 Badd
723 4258 752 4310 et
782 4284 826 4294 -
847 4249 880 4316 15)
903 4252 985 4311 Abu
998 4271 1033 4313 ex
1062 4271 1112 4314 010
1139 4258 1200 4314 eius
1243 4254 1337 4313 Jeius
1360 4273 1395 4314 ex
1418 4272 1465 4315 010
1488 4257 1551 4313 eius

408 4368 452 4379 —
473 4333 507 4401 (6)
530 4337 685 4398 DJModd
704 4340 761 4399 mei
787 4372 832 4382 -
853 4334 886 4402 (7)
916 4337 936 4399 J
948 4334 1060 4401 ter'rcna
1087 4374 1132 4384 —
1153 4336 1187 4404 (8)
1215 4340 1431 4401 Lcruciebatur
1452 4374 1497 4384 —
1514 4336 1550 4404 (9)

409 4420 687 4502 CDsauciebantur3
710 4444 780 4486 moa
801 4425 880 4487 EFG
890 4430 1135 4488 commovebantur
1154 4460 1198 4470 -
1220 4422 1271 4491 (1⁰)
1294 4427 1526 4489 l'crucicbatur'
