3000 5196
224 335 288 398 214

225 492 420 570 conparatur.
450 485 557 552 Privat
578 486 669 571 et(l)
682 488 785 570 quiete
797 487 945 569 interiori,
968 488 1144 556 ethorrore
1157 506 1280 572 quoque
1293 488 1373 555 dor-

223 594 355 658 mientes
376 591 560 659 mucrone
584 592 757 657 cousuevit.
789 593 870 658 Jnde
891 593 1011 659 animus
1033 593 1229 674 amaricatur,
1257 597 1290 659 et
1312 593 1373 658 de·

223 697 317 778 nique
338 696 437 761 omnis
459 700 602 760 creatura
610 700 799 763 tormeutmn
821 697 886 763 eius
899 695 1039 763 efficitur.
1068 697 1234 764 interdum
1246 697 1373 763 swadet

226 790 342 867 homini
365 800 446 864 diem
471 799 642 866 nativitatis
663 818 718 866 sue
738 799 938 881 maledicere,
968 804 1001 865 et
1020 802 1053 867 in
1080 798 1201 867 foveam
1221 819 1373 868 corruere

224 903 449 987 desperationis
469 901 607 968 infelicis.

291 1007 380 1073 circa
399 1007 560 1072 materiam
583 1007 622 1073 de
642 1007 732 1074 malis
758 1008 908 1090 religiosis
936 1008 968 1072 in
997 1007 1107 1091 quibus
1137 1008 1289 1073 extinctus
1319 1012 1373 1074 est

225 1111 330 1179 fervor
351 1112 535 1193 devocionis,
557 1116 633 1178 nota
654 1113 737 1194 quod
758 1113 919 1194 religiosas
939 1113 1063 1195 tepidas
1075 1111 1125 1178 vel
1138 1130 1236 1178 vanus
1257 1117 1306 1178 cst
1321 1114 1372 1178 la·

225 1217 409 1297 mentabilis‚
431 1218 505 1298 quia
524 1216 786 1301 miserabiliore)
798 1216 1025 1299 quodammodo
1044 1217 1187 1283 omnibus
1206 1219 1371 1299 creatmis,

225 1322 340 1388 scilicet
362 1339 470 1386 carens
491 1321 549 1386 deo
572 1325 605 1385 et
624 1321 750 1387 mumdo.
784 1320 978 1404 conparatur
1006 1321 1123 1387 civitati
1151 1321 1276 1388 ruinose
1304 1340 1372 1405 quc

226 1427 276 1492 vel
297 1425 456 1492 subitanee
478 1425 603 1506 conruit,
625 1425 675 1490 vel
696 1426 846 1508 paulatim
861 1424 972 1507 deficit,
995 1426 1234 1491 donec‘tandom
1248 1444 1286 1491 ex
1298 1430 1370 1492 toto

224 1531 314 1613 perit.
342 1531 425 1596 Jtem
446 1534 586 1595 monstro
598 1530 728 1611 marino,
749 1535 880 1613 propter
893 1524 1174 1614 deformitatemto)
1183 1531 1370 1596 exteriorem

227 1640 259 1699 et
278 1634 467 1700 interiorem.
501 1635 582 1699 Nam
603 1652 695 1700 verus
716 1639 811 1719 atque
831 1634 986 1717 perlectus
1007 1635 1168 1717 religiosus
1198 1635 1290 1701 debet
1309 1633 1370 1700 ha-

227 1739 301 1804 bere
322 1738 379 1805 has
402 1738 609 1805 condiciones:
634 1739 745 1804 Omnia
766 1739 883 1805 scilicet
902 1740 1059 1807 mundana
1079 1758 1234 1822 spernere,
1255 1740 1369 1805 insolo

226 1843 391 1910 conditoris
413 1860 519 1908 amore
532 1840 681 1924 flagrare,
703 1846 887 1926 sanctasque
904 1845 1124 1910 meditaoioues
1138 1844 1371 1926 othonus-ope-

225 1947 365 2013 raciones
385 1963 509 2028 sempcr
529 1945 659 2011 habere:
683 1946 825 2029 Scipsum
847 1951 879 2012 et
898 1949 1072 2031 proximum
1093 1946 1245 2027 edificare,
1268 1947 1371 2013 nemi-

224 2071 299 2118 nem
320 2055 424 2116 autem
447 2051 667 2117 circumvenire
687 2055 743 2116 aut
762 2050 960 2132 ledere‚'sed
979 2053 1012 2117 iu
1034 2053 1229 2135 simplicitate
1250 2056 1283 2117 et
1303 2052 1371 2117 sin·

225 2158 353 2223 acritate
373 2157 469 2222 vitam
490 2155 613 2221 beatam
635 2154 748 2221 ducere
759 2156 818 2239 (4).
851 2156 935 2221 lem
965 2174 1089 2222 carnem
1117 2158 1216 2222 suam'
1231 2175 1301 2222 cum
1320 2157 1371 2222 vi-

227 2262 280 2328 ciis
303 2265 335 2327 et
356 2244 613 2342 concupiscendis
635 2259 822 2342 crucifigere,
844 2261 994 2326 exercicia
1008 2260 1313 2345 quoquc(5)magna
1336 2265 1371 2325 et

226 2366 469 2432 consuetudines
482 2366 659 2431 devocione
671 2366 779 2447 plenas
793 2364 917 2444 habere,
941 2383 978 2430 ac
985 2365 1033 2449 (6)
1041 2364 1206 2432 fortissime
1219 2383 1256 2431 ac
1265 2370 1370 2430 stren-

226 2470 373 2535 nuissime
395 2464 681 2553 contra'nequicias
702 2470 817 2535 inimici
837 2469 962 2550 bellare,
986 2473 1018 2534 et
1038 2470 1237 2552 semetipsum
1249 2468 1297 2553 (7)
1307 2488 1369 2550 pro

228 2572 404 2641 defensione
424 2575 564 2641 veritatis
585 2579 618 2640 et
638 2575 758 2645 iusticie
778 2574 811 2638 in
832 2578 964 2639 mortem
992 2592 1092 2656 usque
1119 2574 1252 2640 madere.
1285 2572 1369 2640 Con·

227 2678 361 2744 diciones
382 2696 456 2744 vero
477 2678 551 2742 muli
571 2677 801 2759 religiosistmt
817 2676 885 2757 hee,
907 2677 1023 2744 scilicet
1034 2677 1082 2761 (8)
1093 2678 1248 2760 protervia
1258 2682 1371 2744 matra

225 2800 298 2848 suos
319 2782 502 2863 superiores.
534 2781 618 2846 Jtem
639 2781 843 2862 quendositas
855 2781 921 2865 (9);
944 2785 992 2847 est
1003 2785 1108 2846 autem
1123 2782 1304 2863 querulosus
1312 2781 1369 2862 qui

225 2884 319 2951 nichil
339 2884 406 2949 vult
427 2884 611 2964 sustinere·
624 2885 680 2951 sed
707 2902 764 2951 sne
790 2886 857 2951 vult
884 2886 1036 2952 voluntati
1056 2886 1169 2952 rivere.
1207 2885 1369 2969 Cupiditas

226 3006 330 3054 rerum
351 2972 569 3070 temporalium
590 2978 782 3070 inordinata,
806 2994 839 3056 et
859 2982 976 3055 lauccio
998 2989 1083 3079 freni¹
1098 2990 1189 3056 nimis
1208 2990 1305 3083 libera
1324 2989 1369 3055 ad

227 3093 475 3167 circumstancias
495 3094 614 3176 peccati
644 3093 784 3159 carnalis.
799 3120 803 3127 ·
819 3094 903 3159 Jtam
925 3093 1062 3161 detectus
1085 3095 1187 3161 divine
1214 3093 1367 3175 cantatis,

228 3197 404 3279 invidiaque
424 3195 561 3263 fraterne
581 3199 804 3281 prosperitatis.
838 3198 972 3264 Honoris
997 3198 1131 3265 ambitus
1156 3199 1369 3280 inordinatus,

228 3308 261 3370 et
279 3302 470 3385 negligencia
490 3306 668 3369 sanctarum
689 3294 961 3370 consuetudinum.
994 3303 1035 3368 Ju
1063 3303 1198 3370 servicio·
1221 3304 1271 3369 dei
1293 3304 1371 3368 sunt

227 3407 318 3491 pigri,
339 3426 397 3490 pro
418 3410 531 3491 questu
550 3424 656 3473 rerum
677 3407 893 3490 temporalium
915 3407 1045 3487 solliciti,
1068 3411 1101 3472 et
1121 3409 1206 3473 omni
1227 3411 1371 3490 tempore

229 3511 574 3597 oiroaoummcorporis
587 3513 679 3579 nimis
692 3513 815 3578 intenti.
845 3512 888 3577 Et
897 3513 973 3578 item
986 3511 1282 3596 qnoque(10)proni
1294 3515 1372 3578 sunt

228 3617 352 3703 ymitari
360 3617 468 3700 pocius
475 3617 560 3685 mala
570 3616 711 3700 exempla
720 3636 814 3701 quam
822 3616 914 3697 bona,
928 3621 961 3681 et
970 3634 1058 3683 suam
1068 3616 1327 3700 negligentiarum
1335 3615 1370 3698 1)

294 3806 329 3875 (l)
351 3810 430 3871 OHP
451 3811 569 3871 Pria-ars
616 3810 664 3873 Εὖ
686 3810 818 3871 Privatur
865 3810 1033 3873 ABDsLM
1055 3811 1154 3871 Privat
1180 3844 1224 3854 -
1252 3805 1287 3875 (²)
1313 3809 1369 3870 DF

231 3898 294 3957 aaa
314 3904 412 3957 est—
432 3892 468 3962 (3)
490 3895 548 3957 GH
558 3896 756 3959 coformitatem
799 3898 872 3959 Bal
883 3898 1145 3973 difformitatsm—
1162 3893 1196 3963 (4)
1220 3898 1370 3957 cenam

231 3982 336 4045 ducere
356 3984 471 4044 boatum
514 3984 716 4044 BFLbeatam
736 3986 826 4045 vitam
847 3984 951 4047 ducere
982 3983 1137 4045 Abeatam
1159 3985 1262 4046 dacore
1278 3986 1369 4044 vitam

230 4104 274 4114 -
296 4066 331 4135 (ὁ)
352 4068 401 4131 GP
411 4072 551 4130 exercicia
571 4072 709 4147 rutilum
729 4088 844 4149 quoquo
887 4066 1274 4149 ABLexarciciaqua-tfi)
1291 4070 1312 4131 J
1323 4077 1367 4146 st3

230 4175 301 4217 mox
322 4154 530 4217 ABEFHMet
557 4191 601 4203 -
619 4150 665 4222 '(7)
686 4157 812 4219 BCGJL
826 4160 953 4235 seipsum
995 4159 1156 4235 Eseipaum
1183 4161 1369 4234 semetipsum

231 4275 275 4289 -
304 4238 337 4305 (8)
359 4243 417 4303 LM
434 4242 567 4304 videlicet
592 4276 637 4289 -·-
665 4238 699 4308 (9)
728 4245 749 4305 J
760 4246 947 4322 quorolositas
976 4254 1004 4305 ct
1030 4263 1102 4305 moa·
1128 4244 1297 4319 querolosus
1324 4277 1370 4289 -

231 4322 282 4389 (10)
305 4328 392 4389 EGM
413 4330 450 4391 Et
470 4322 539 4392 item
561 4330 640 4409 quod
682 4330 814 4395 AGFHP
836 4333 874 4391 Et
895 4336 963 4393 itam
1005 4330 1081 4393 BDJ
1102 4328 1242 4393 Jtcm—
1265 4327 1316 4396 (11)
1337 4330 1368 4391 H
1471 4383 1477 4395 .

227 4410 413 4489 neglienciam
