3232 5130
1319 365 1380 428 105

238 505 272 570 Si
291 504 432 586 inquiens
454 521 628 569 sermooem
649 520 752 580 meum
772 520 836 569 nan
856 499 1133 585 servavemaclr),
1166 517 1224 565 nec
1243 503 1381 566 vestrmn

241 609 417 674 servabunt.
452 607 564 674 Recole
587 608 670 690 quod
686 606 723 671 in
738 606 900 675 celestibus
912 605 1022 672 castris
1035 605 1153 688 lapides
1166 606 1251 671 vivos
1264 604 1383 671 honore

102 697 104 701 ¹
240 717 272 778 et
293 712 392 793 gloria
412 712 584 794 precipuos
607 730 670 784 non
691 712 752 776 nisi
770 711 963 803 tunsionibus
975 709 1040 795 (2),
1062 709 1215 793 pressuris
1236 708 1383 790 multiph-

242 816 319 880 citer
341 815 490 898 expolitos
511 816 624 881 vidisti.
658 815 720 882 Sed
741 815 880 882 fortassis
902 815 1022 880 occulta
1036 813 1223 896 cogitacione
1237 812 1383 894 predictis

241 920 364 986 obviare
386 919 554 999 contendis,
578 937 717 985 asserens
739 920 829 984 aliter
849 919 943 985 fuisse
965 918 1056 1002 olym,
1079 923 1172 1000 atqua
1183 917 1274 982 ahter
1290 933 1381 995 nunc,

240 1042 276 1090 eo
299 1024 381 1106 quod
400 1024 433 1089 in
453 1023 512 1089 hiis
535 1024 679 1089 extremis
701 1024 890 1106 temporibus
912 1024 1026 1088 caritas
1058 1041 1138 1105 pene
1166 1021 1320 1104 refriguit,
1350 1025 1383 1085 ea

241 1128 323 1210 quod
337 1127 488 1210 prophete
501 1129 599 1193 sancti
611 1129 725 1192 mortui
737 1133 810 1194 sunt
821 1125 879 1211 (3),
902 1127 1050 1209 miracula
1063 1144 1185 1210 quoque
1196 1145 1254 1208 pro
1269 1141 1383 1206 magna

240 1236 330 1314 parte
352 1236 549 1322 cessaverunt
561 1231 619 1316 (4),
643 1236 676 1296 et
697 1231 779 1314 quod
800 1221 1003 1313 multiplicata
1014 1231 1077 1296 sint
1088 1229 1135 1314 (5)
1145 1230 1273 1294 malain
1288 1233 1382 1293 terra.

239 1336 361 1402 Fideles
384 1354 506 1418 quoque
527 1336 640 1401 diversi
660 1337 974 1417 perverseviventes,
996 1340 1125 1419 propter
1144 1334 1258 1400 multos
1282 1337 1383 1398 retra-

240 1439 349 1524 hentes
373 1439 556 1507 difficiliores
578 1441 640 1504 sint
652 1438 699 1524 (6)
712 1441 753 1504 ad
774 1432 1023 1520 convertendum,
1045 1439 1241 1522 procliviores
1255 1449 1328 1502 vero
1341 1436 1383 1500 ad

240 1539 486 1622 recidivandum3
508 1545 640 1627 ideoque
668 1546 764 1609 atali
784 1543 1021 1613 fructificacione
1042 1544 1223 1609 cessandum
1244 1539 1336 1621 esse(
1357 1538 1382 1622 ).

240 1648 290 1713 Ad
312 1648 396 1730 quod·
416 1666 494 1728 ego:
507 1643 635 1726 'Quanto
650 1647 918 1731 appropinquante
928 1648 990 1712 iam
1004 1646 1110 1736 mundi
1121 1646 1170 1730 (8)
1180 1645 1313 1726 termino
1326 1642 1383 1714 he·

240 1752 338 1816 minas
360 1751 561 1833 periculosius
584 1751 729 1818 deficiunt
750 1756 782 1817 et
804 1749 1045 1831 deteriorantur,
1066 1755 1155 1816 tanto
1175 1750 1246 1833 plus
1265 1751 1385 1833 indige-

240 1860 311 1920 rent
327 1858 363 1919 ut
375 1853 509 1920 ferventi
520 1855 624 1938 aliqua
640 1857 780 1922 doctrina
794 1861 829 1921 et
838 1857 1185 1938 graciarenovarentur.
1213 1855 1256 1920 Et
1267 1859 1384 1938 quanto

242 1959 466 2041 dampnabihus
487 1947 639 2041 prophete
661 1960 761 2024 sancti
783 1964 815 2024 et
826 1960 918 2024 amici
932 1959 983 2024 dei
997 1960 1147 2039 obierumt,
1168 1957 1385 2041 falsique-pro-

240 2064 334 2148 phete
355 2064 422 2129 loco
445 2071 556 2129 eorum*
573 2068 781 2144 surrexenmt,
804 2065 991 2145 tantomagis
1012 2064 1220 2128 necessarium
1232 2061 1386 2130 essetier·
1462 2136 1467 2144 ,

240 2168 312 2235 vide
334 2168 452 2246 docere,
476 2171 508 2237 et
521 2186 579 2254 pro
594 2167 725 2240 veritate
739 2168 801 2231 iam
815 2167 1002 2250 dormitante
1015 2169 1150 2255 animam
1166 2184 1291 2247 ponere.
1313 2166 1385 2234 Fal-

242 2290 293 2338 sos
316 2277 420 2347 autern
441 2271 610 2353 prophetas
632 2270 765 2352 appello,
790 2289 895 2336 omnes
916 2271 973 2364 hos
996 2271 1049 2352 qui
1066 2270 1149 2352 quod
1160 2271 1255 2336 verbo
1269 2271 1384 2350 dieunt,

242 2377 324 2442 facto
346 2376 570 2461 contradicunt,
592 2375 673 2440 sicut
693 2375 737 2440 hii
759 2375 812 2457 qui
834 2375 945 2440 docent
967 2375 1131 2440 avariciam
1144 2374 1329 2456 fugiendam,
1352 2379 1385 2440 et

240 2481 300 2563 ipsi
319 2479 567 2563 pecuniamtotis
580 2479 692 2545 siciunt
705 2479 887 2556 viscenbus:
911 2478 970 2556 Qui
985 2479 1119 2544 clamant
1131 2479 1262 2560 gloriam
1278 2479 1385 2546 mundi

241 2584 457 2668 spernendam,
481 2588 514 2650 et
535 2584 596 2667 ipsi
616 2587 683 2649 toto
711 2584 872 2669 conamine
887 2587 1267 2666 vanosquerunthonores
1290 2565 1385 2667 atoue

240 2690 469 2773 promociones:
494 2689 554 2768 Qui
576 2688 786 2770 dogmatizant
797 2680 845 2772 (9)
854 2689 978 2754 *curiosa
999 2688 1159 2754 abicienda
1179 2694 1212 2783 ct
1236 2688 1386 2771 simplicia
1459 2774 1461 2779 ,
1532 2652 1536 2659 Ι

242 2788 310 2860 es'se
329 2794 497 2874 sectanda,
523 2793 582 2875 ipsi
608 2811 682 2858 vero
705 2792 874 2872 curiositati
895 2793 1048 2858 excmdve
1069 2793 1262 2881 deserviunt„
1285 2793 1329 2858 Et
1349 2797 1386 2859 ut

242 2900 280 2964 de
302 2899 370 2964 aliis
391 2902 522 2976 taceam,
544 2897 649 2962 videas
670 2897 834 2979 plerosque
848 2901 971 2962 tantam·
986 2915 1115 2979 querere
1126 2899 1160 2973 in
1173 2894 1309 2964 uestibus
1321 2896 1385 2963 curl-

234 3007 454 3084 turam,‘quas
476 3002 576 3068 sancti
598 3004 704 3084 patres
726 3002 766 3093 ad
788 3002 992 3084 simphdtatis
1006 3001 1384 3087 aa(10)'innocenciesig-

203 3128 206 3131 “
241 3125 316 3171 num
336 3104 418 3170 ferre
438 3107 502 3171 suis
523 3105 666 3187 posteris
679 3106 914 3186 mandaverumt,
937 3090 973 3170 u't
992 3097 1056 3181 non
1076 3107 1177 3171 minus
1192 3125 1285 3188 quarn
1297 3106 1385 3172 aeau-

241 3209 315 3275 laris
324 3228 438 3291 pompe
450 3209 519 3292 (11)
531 3210 705 3293 ymaginem
717 3209 855 3292 preferre
864 3209 1036 3276 'videantur
1066 3203 1180 3276 Videas
1191 3195 1272 3275 hunc
1281 3229 1386 3292 panno

241 3312 466 3395 preciosissimo
489 3314 636 3379 stolatum
658 3295 815 3393 incedere,
847 3319 879 3378 et
893 3332 999 3396 -rugae
1020 3308 1078 3396 p'er
1098 3314 1238 3396 scapulas
1260 3315 1386 3379 descen-

243 3418 351 3483 dentes
372 3417 502 3498 habere,
534 3436 572 3482 ac
599 3419 696 3501 plicas
719 3399 949 3510 centuphcatas
973 3418 1222 3505 circumiacentes
1242 3422 1384 3504 portare,

242 3525 279 3585 ut
299 3522 387 3603 quasi
408 3526 482 3611 toga
502 3523 724 3606 phylosophica
745 3509 887 3601 indutus,
920 3527 951 3586 et
979 3521 1071 3586 velud
1091 3521 1258 3589 similitudo
1279 3520 1387 3601 templi

243 3627 484 3692 circumornatus
495 3628 663 3718 procedere
677 3627 829 3693 videatur.
851 3615 955 3689 Alium
973 3624 1238 3708 verocyrotheeas
1250 3622 1319 3709 (12)
1330 3623 1386 3688 ha*

241 3730 367 3795 hentem
387 3731 419 3794 in
440 3733 600 3812 manibus,
625 3737 657 3797 et
679 3731 789 3797 calcios
810 3730 935 3795 strictos
958 3718 1051 3811 atoue
1073 3733 1224 3794 rostratas
1246 3733 1278 3794 et
1299 3728 1387 3810 quasi

244 3835 285 3898 ad
306 3834 482 3900 saltandum
504 3840 595 3917 aptos
617 3836 650 3900 in
671 3835 811 3918 pedihus.
853 3834 1008 3913 Quosdam
1030 3838 1134 3898 autern
1154 3837 1313 3915 portantes
1336 3837 1350 3899 t
1373 3869 1386 3880 ·

308 4007 342 4075 (Ῑ)
365 4010 614 4086 CLservavarint3
629 4030 701 4072 moa
722 4005 1147 4088 Aquomodovestrum-ati’)
1158 4013 1202 4068 ito
1211 4008 1389 4093 FHJLMP:

244 4102 331 4158 ceteri
352 4099 545 4171 tonsionihns3
573 4116 644 4158 moa
673 4098 825 4175 CDMPet
853 4100 995 4176 pressuris
1024 4131 1067 4143 -
1096 4093 1130 4161 (3)
1159 4095 1242 4156 GHP
1260 4099 1317 4155 aiut
1344 4129 1388 4144 --

244 4182 278 4250 (l)
300 4184 634 4245 ACHcessavarintss-
656 4181 689 4251 (5)
713 4185 941 4246 CDMsunt‘-·-
963 4181 997 4249 (θ)
1019 4184 1074 4244 BD
1086 4192 1153 4244 sunt
1177 4217 1222 4226 -
1244 4177 1278 4246 (7)
1300 4183 1387 4243 Dum

244 4271 415 4332 cessandum
438 4283 481 4332 cat
513 4271 533 4332 J
545 4272 730 4348 cessandum,
752 4289 823 4336 mox
843 4273 894 4332 BF
917 4272 964 4331 Ad
987 4288 1098 4347 que-
1120 4266 1154 4335 (8)
1175 4270 1310 4329 Emundi
1329 4273 1386 4331 iam

244 4356 323 4418 ΑΒ.)
335 4358 433 4418 mundi
454 4393 498 4408 -
519 4354 553 4423 (9)
577 4359 625 4419 CL
637 4360 829 4419 docmatizant
849 4393 893 4407 --
915 4354 966 4422 (10)
990 4357 1059 4418 GJP
1071 4365 1100 4418 et
1114 4391 1157 4404 «-
1177 4351 1230 4421 (11)
1247 4357 1388 4436 Ηροηρο

243 4477 288 4487 ·—
311 4440 363 4508 (12)
386 4445 434 4505 GP
446 4452 595 4522 cyrotecas
632 4446 888 4507 BEFHalrotecas
920 4445 978 4504 ΕΜ
989 4445 1150 4529 cirothecas
1178 4444 1388 4524 Dchyrotac'as
