3232 5130
1337 352 1378 416 29

234 488 449 573 hoc(1)facis,
471 487 521 552 vel
543 484 618 567 quid
638 502 695 566 per
716 483 775 550 hoo
787 482 834 550 ris
849 483 1036 549 ostendere?
1056 482 1292 549 SAPIENOIA:
1314 485 1380 553 No·

235 599 303 659 tum
324 593 381 658 tibi
402 593 444 658 sit
455 590 514 674 (2),
537 588 620 670 quod
641 606 704 653 non
726 587 819 652 datm
838 588 993 668 perveniri
1004 587 1052 670 (3)
1064 586 1105 650 ad
1121 587 1289 654 divinitatis
1310 590 1379 656 alti-

235 698 384 775 tudinem,
407 695 456 760 vel
477 694 656 758 inusitatam
679 691 881 769 dulcedinem,
900 691 958 755 uisi
973 691 1081 756 tractis
1094 691 1146 772 pio
1161 692 1295 772 quodam
1307 692 1380 759 fidei

237 818 274 866 ac
294 799 469 865 dileccionis
492 795 604 860 affectu
625 812 683 877 per
703 793 904 858 humanitatis
927 797 959 858 et
980 795 1132 875 passionis
1150 812 1219 860 mee
1233 798 1344 862 amarit
1365 832 1380 845 ·

237 905 349 969 dinem.
385 902 427 965 Et
448 905 564 982 quanto
586 899 644 962 hac
656 896 704 980 (4)
716 898 857 978 neglecta
879 898 947 978 quis
970 899 1143 962 ascenderit
1163 899 1268 979 alcius,
1291 906 1380 968 tanto
1502 928 1510 941 ν

237 1007 320 1072 cadit
339 1004 531 1088 profundius.
575 1002 643 1066 Hec
664 1006 712 1065 est
734 1002 816 1064 enim
838 1001 889 1065 via
909 1020 966 1083 per
988 1020 1080 1082 quam
1101 1002 1178 1081 itur,
1212 1004 1269 1068 hec
1290 1010 1382 1086 porta

236 1128 293 1193 per
314 1127 414 1192 quam·
428 1108 573 1173 introitus
596 1106 636 1169 ad
659 1105 868 1170 desideratum
881 1103 975 1169 finem
989 1106 1176 1170 conceditur.
1206 1106 1274 1185 Qua
1287 1129 1381 1192 prop·

236 1222 286 1278 ter
307 1214 428 1295 depone
449 1229 532 1275 nunc
554 1227 677 1274 omnem
700 1209 800 1273 cordis
813 1209 860 1272 tui
873 1208 1107 1274 formidolcsum
1118 1209 1167 1293 (1)
1178 1210 1331 1294 timorem,
1350 1219 1383 1279 et

236 1317 331 1382 indue
353 1317 490 1379 animum
511 1314 640 1378 virilem.
687 1311 872 1377 Constanter
893 1331 951 1393 age
974 1313 1058 1378 etin
1080 1314 1146 1378 acie
1166 1313 1288 1380 fortiter
1317 1335 1382 1382 me·

238 1440 307 1487 cum
320 1420 368 1504 (6)
380 1419 528 1496 consiste3
560 1417 716 1498 quianon
738 1416 827 1480 decet
847 1415 997 1480 famulum
1019 1417 1168 1497 deliciari,
1198 1421 1251 1485 ubi
1270 1421 1383 1486 viderit

238 1525 396 1593 dominum
418 1540 509 1589 suum
530 1525 595 1584 tarn
618 1524 766 1585 strennue
787 1520 957 1584 decertare.
993 1521 1125 1603 Respice
1146 1524 1234 1588 oculo
1255 1526 1383 1590 mentali

236 1647 401 1695 numerum
422 1627 552 1692 dorcium
573 1625 691 1703 David3
716 1625 798 1688 inter
820 1643 896 1706 quos
918 1625 944 1689 si
966 1625 1168 1708 spiritualiter
1189 1633 1295 1695 eterno
1316 1631 1384 1712 regi

238 1735 425 1799 militaturus
448 1729 645 1795 annumerari
667 1727 831 1807 desideras,
854 1746 979 1805 necesse
1002 1734 1106 1811 estut
1122 1733 1383 1816 pristinamigna-

237 1837 320 1901 viam
342 1836 489 1919 deponas,
514 1838 546 1898 et
567 1826 706 1914 exemplo
728 1832 826 1895 trium'
843 1831 972 1911 dorcium
994 1834 1105 1915 David,
1132 1836 1213 1901 inter
1233 1857 1384 1922 prospera

238 1939 440 2024 videlicet(7)
453 1944 485 2003 11
507 1938 638 2002 adversa
666 1936 869 2018 equanimiter
895 1940 928 2001 te
957 1937 1114 2020 habendo,
1148 1946 1306 2023 tamquam
1327 1963 1385 2025 per

239 2044 372 2109 mediam
394 2044 492 2108 aciem
513 2042 706 2105 inimicorum
727 2045 868 2106 transeas
880 2041 939 2125 (8),
962 2060 1000 2106 ac
1021 2041 1060 2107 de
1082 2049 1225 2127 systema
1240 2047 1384 2114 Bethlee-

240 2148 345 2212 mitica
365 2164 478 2228 aquam
500 2145 687 2223 hauriendo,
717 2149 826 2226 potum
852 2145 1061 2209 desideratum
1082 2165 1202 2213 summo
1223 2151 1289 2231 regi
1310 2150 1385 2216 offe·

241 2248 362 2333 ras(9),
384 2251 519 2332 teipsum
539 2247 683 2313 videlicet
704 2244 884 2329 exponendo
906 2247 1062 2314 laboribus
1091 2252 1225 2347 crunctis,
1254 2257 1291 2316 ut
1319 2254 1384 2320 eius

242 2353 336 2418 solius
357 2371 467 2434 pareas
488 2353 681 2434 beneplacito
703 2352 881 2417 voluntatis,
924 2352 1062 2417 Jnduere
1084 2354 1163 2418 sicut
1184 2374 1280 2438 gygas
1304 2359 1386 2423 stola

240 2457 365 2536 bellica;
396 2457 500 2538 accipe
528 2462 719 2521 armaturam
743 2474 854 2520 meam
900 2455 970 2520 Non
992 2459 1140 2538 precedat
1161 2461 1216 2525 sed
1237 2468 1386 2543 sequatur

238 2562 373 2642 armiger
395 2561 554 2625 dominum
577 2580 684 2640 suum3
715 2561 788 2642 quia
810 2561 849 2625 de
871 2560 965 2625 calice
987 2562 1025 2625 de
1046 2581 1109 2643 quo
1129 2564 1191 2628 bibi
1211 2566 1385 2649 potaberis,

239 2670 271 2729 11
292 2666 423 2730 adversa
446 2683 506 2747 que
527 2666 651 2746 pertuli,
674 2670 710 2730 tu
721 2684 843 2748 quoque
856 2686 913 2747 pro
926 2664 1232 2750 possespiritualiter
1245 2672 1386 2753 paciaris.

238 2768 358 2852 Nempe
376 2774 533 2835 cortuum
548 2769 587 2834 ob
602 2771 802 2835 cottidianam
815 2770 1087 2836 mortificacionem
1098 2773 1168 2857 (10)
1180 2775 1387 2842 sensualitatis

238 2875 355 2940 racioni
377 2874 605 2953 contrariantis,
630 2878 663 2939 et
683 2876 823 2956 inpetum
844 2876 1014 2945 multarum
1036 2876 1272 2945 tribulacionum
1292 2885 1327 2944 te
1342 2880 1388 2944 di-

238 2977 366 3042 leccioni
387 2995 457 3041 mee
479 2978 712 3058 disponencium
734 2979 969 3060 angustiabitur,
992 2985 1025 3044 et
1037 2982 1263 3062 quodammodo
1275 2985 1388 3051 sudore

240 3081 414 3160 sanguineo
427 3080 640 3162 perfimdetur.
670 3082 780 3147 Ortum
791 3084 905 3166 quippe
916 3085 1146 3167 plantacionum
1156 3091 1281 3153 tuarum
1290 3090 1388 3157 roseis

241 3180 375 3262 floribus,
399 3185 550 3265 angustiis
572 3186 716 3252 videlicet
737 3192 770 3251 ct
790 3189 1038 3254 tribulationibus
1057 3190 1240 3273 inpinguare
1253 3193 1389 3278 (11)de-

241 3286 352 3351 sidero.
396 3287 594 3354 inveteratas
616 3286 750 3372 namque
771 3292 803 3355 iu
825 3296 857 3356 te
873 3293 942 3376 (12)
959 3296 1201 3363 consuetudines
1227 3299 1388 3379 ducendo,

242 3389 454 3471 captivaberis,
478 3396 511 3456 11
533 3395 621 3474 quasi
642 3396 804 3477 ligaberis3
826 3397 866 3460 ab
888 3397 1072 3463 adversariis
1094 3418 1216 3482 quoque
1238 3404 1315 3467 meis
1337 3421 1390 3468 oa·

243 3493 341 3558 cultas
362 3494 552 3577 calumpnias
574 3503 607 3563 et
621 3499 800 3565 manifestas
814 3501 941 3565 iniurias
954 3518 990 3565 ae
1004 3503 1202 3569 verecundiae
1214 3505 1285 3588 (13)
1297 3506 1390 3571 susti-

244 3597 341 3661 nebis.
379 3597 441 3662 Sed
456 3604 488 3664 et
501 3603 677 3682 passionem
698 3622 800 3668 meam
821 3604 853 3667 iu
875 3608 1001 3684 pectem
1022 3608 1087 3684 tuo,
1109 3610 1268 3688 tamquam
1289 3614 1392 3675 mater

242 3699 419 3766 fidelissima
431 3703 544 3786 (14)111
566 3725 623 3771 suo
644 3711 780 3788 pectore,
802 3707 916 3788 iugiter
937 3708 1085 3788 portabis
1122 3709 1391 3792 Reprehensioncs

242 3809 275 3869 11
284 3806 397 3870 iudicia
409 3807 524 3871 iniusta
537 3826 558 3871 a
570 3810 676 3874 multis
686 3811 833 3892 paciaris3
858 3810 1067 3878 detractiones
1082 3813 1196 3880 multas
1218 3817 1257 3880 ab
1280 3818 1411 3886 emulis·

309 3978 344 4046 (1)
367 3982 420 4040 ΑΕ
435 3983 503 4059 bec;
528 3985 626 4060 paulo
651 3993 719 4061 poet
760 3987 812 4046 EL
826 4005 878 4064 per
899 3989 954 4050 hec
975 4023 1019 4033 -
1041 3986 1075 4055 (2)
1099 3991 1199 4052 ABJP
1215 3996 1253 4053 sit
1274 3992 1326 4055 tibi
1346 4030 1390 4039 —

243 4063 279 4133 (3)
302 4068 566 4144 DEJMpcrvenire
579 4103 624 4113 —
646 4067 680 4135 (4)
703 4073 752 4131 BF
764 4074 827 4134 bec.
859 4076 933 4135 Mox
948 4076 1136 4154 Anegglecta
1149 4112 1194 4122 -
1206 4076 1241 4143 (5)
1261 4082 1390 4143 CDHJP

242 4156 458 4215 sonnidulosum
469 4189 513 4200 —
535 4153 569 4221 (θ)
591 4156 682 4217 ADM
693 4177 806 4219 mecum
828 4162 936 4222 fortiter
949 4197 993 4207 —
1007 4159 1041 4228 (7)
1056 4165 1188 4225 videlicet
1210 4186 1258 4226 om
1282 4169 1391 4232 CGHL

244 4241 349 4318 etprJ
370 4276 414 4285 -
436 4237 470 4306 (8)
494 4242 542 4302 ΟΡ
553 4251 681 4305 transeas
704 4242 881 4308 inimicorum
902 4278 947 4294 -
969 4247 1003 4315 (9)
1026 4252 1099 4327 ch.
1119 4252 1170 4328 11,
1199 4257 1257 4328 23,
1280 4261 1327 4318 15.
1346 4292 1392 4303 —

245 4322 296 4392 (10)
320 4328 628 4391 GPmortificacionem
642 4333 814 4393 cotidianam
828 4368 872 4378 -
895 4331 948 4400 (11)
970 4337 1156 4416 Linpiguare
1169 4373 1214 4384 —
1235 4338 1289 4411 (12)
1311 4345 1393 4407 AEL

245 4414 304 4474 vite
325 4448 370 4458 —
392 4411 443 4481 (13)
466 4417 708 4479 Dverecundiam
728 4454 773 4463 —
793 4415 845 4486 (14)
867 4421 1000 4483 BMadd
1019 4424 1110 4486 filium
1131 4442 1217 4490 suum
