3000 5196
239 347 281 410 30

237 483 380 564 babebis,
403 488 436 549 et
456 485 546 566 quasi
567 485 663 567 spinis
686 491 780 568 caput
791 485 840 569 (1)
852 488 941 551 tuum
962 489 1177 571 coronabitur,
1204 509 1275 557 cum
1295 493 1386 575 spiri·

238 588 334 653 tualia
348 588 497 652 exercicia
510 593 566 654 tua
583 589 697 654 invidie
718 589 851 655 stimulis
872 590 1113 672 subprimentur.
1145 593 1223 660 Post
1242 595 1300 660 hec
1320 614 1386 662 me·

237 709 307 757 cum
330 695 419 756 extra
441 696 545 757 castra
567 693 777 777 educeris(2),
800 693 953 775 simulque
965 695 1143 778 inproperia
1155 715 1225 762 mea
1235 701 1385 781 portabis,

238 794 361 876 quando
383 795 517 878 teipsum
540 799 572 860 et
591 798 752 878 propriam
770 797 962 862 voluntatem
984 804 1015 862 et
1037 817 1144 865 omnes
1165 806 1324 869 creaturas
1345 803 1386 868 de

237 899 338 964 salute
359 904 392 963 te
412 899 604 982 inpedientes
627 900 802 965 deserueris
824 920 882 982 pro
902 920 995 983 posse
1017 907 1081 982 tuo,
1103 904 1196 969 velud
1213 905 1386 973 111111111-

237 1004 353 1069 riturus
365 1002 413 1088 (3)
425 1008 535 1069 cuncta
557 1005 672 1070 deserit
692 1005 725 1068 11
746 1004 855 1070 ultimo
878 1005 962 1069 exitu
974 1005 1162 1090 (l)spiritus
1185 1010 1242 1074 sui.
1280 1010 1385 1091 Jgitur

235 1106 310 1175 forti
330 1108 432 1174 animo
447 1112 524 1188 esto,
543 1113 576 1173 et
587 1127 721 1190 prepara
735 1109 869 1173 animam
883 1114 970 1174 tuam
984 1110 1026 1174 ad
1040 1113 1295 1193 temptacionem;
1312 1114 1385 1195 quia

236 1231 298 1295 que
318 1217 451 1278 ventura
470 1215 543 1278 sunt
563 1212 748 1277 annunciavi
768 1212 833 1278 tibi.
870 1212 1134 1281 DISCIPULUS:
1158 1215 1386 1282 Oiudiciorum

237 1318 287 1383 dei
308 1318 436 1399 abyssus
457 1316 729 1398 inperserutabilis.
765 1316 791 1382 Ο
814 1321 921 1381 eterne
942 1318 1206 1399 preordinacionis
1227 1322 1386 1387 sentencia

236 1421 434 1488 formidolosa
445 1420 504 1504 (b).
528 1419 591 1490 Cur
600 1439 663 1486 non
677 1421 705 1486 si
720 1420 823 1486 dicere
834 1422 907 1486 licet
919 1421 967 1505 (6)
980 1421 1143 1489 decrevisti
1155 1424 1275 1490 salvare
1287 1444 1385 1507 genus

236 1524 406 1590 humanum
427 1543 485 1606 per
505 1524 601 1589 alium
621 1525 748 1590 modum
770 1526 869 1606 magis
891 1526 1051 1607 quietum?
1074 1526 1100 1592 Ο
1123 1527 1150 1592 11
1162 1527 1270 1592 liceret
1283 1528 1386 1594 dicere

236 1629 357 1694 miseris
378 1628 419 1692 ad
439 1633 487 1695 te:
512 1628 614 1706 Quare
629 1628 673 1693 sic
686 1627 808 1694 iecisti?
821 1629 980 1711 Numquid
995 1630 1028 1694 in
1041 1634 1098 1694 tua
1111 1635 1220 1695 eterna
1229 1632 1385 1713 sapiencia

237 1751 300 1798 non
316 1732 445 1815 potuisti
457 1732 594 1796 invenire
607 1731 703 1796 alium
717 1731 853 1811 modum,
873 1751 931 1814 per
945 1750 1038 1813 quem
1052 1737 1084 1798 et
1097 1734 1227 1799 miseros
1238 1735 1384 1815 salvares,

237 1841 269 1902 ct
290 1840 377 1901 tuam
398 1836 486 1903 nobis
509 1814 707 1901 dileccionem
729 1835 918 1914 ostenderes,
940 1840 977 1899 ut
998 1836 1042 1901 sic
1064 1841 1096 1900 et
1110 1838 1244 1919 teipsum
1258 1837 1385 1903 stantis

237 1940 402 2021 doloribus,
424 1959 542 2022 nosque
554 1958 574 2004 a
586 1939 837 2021 conpassionibus
852 1939 1252 2023 tantis(l)subportasses?
1272 1941 1385 2007 Merito

237 2046 367 2128 proinde
374 2045 456 2127 olym
461 2043 616 2126 propbeta
626 2048 752 2109 sanctus
763 2044 882 2109 occulta
895 2043 943 2127 (8)
951 2044 1215 2111 animadversione
1225 2045 1385 2111 consilium

236 2150 295 2216 hoc
317 2150 406 2232 quasi
425 2149 598 2231 inpugnare
619 2166 713 2213 ausus
736 2152 784 2213 est
805 2146 926 2212 dicens:
956 2147 1059 2226 Quare
1087 2147 1210 2215 futurus
1237 2167 1270 2214 es
1291 2149 1384 2214 velud

236 2255 283 2320 vir
296 2273 403 2336 vagus,
426 2259 462 2318 ut
475 2254 522 2319 vir
536 2253 625 2320 fortis
639 2253 693 2335 qui
714 2270 776 2318 non
797 2256 903 2334 potest
923 2253 1043 2318 salvare
1055 2253 1127 2337 (9))
1147 2251 1383 2319 SAPIENCIA:

235 2358 348 2423 Divina
368 2357 544 2423 substancia
566 2374 689 2423 omnem
708 2356 841 2422 formam
863 2376 956 2439 quam
976 2357 1150 2423 intellectus
1166 2357 1382 2423 1111111111-

235 2462 343 2543 tingit,
373 2480 430 2526 sua
458 2462 573 2527 virtute
603 2463 732 2527 excedit.
776 2461 870 2533 Unde
891 2461 971 2526 sieut
990 2479 1054 2526 non
1073 2465 1179 2542 potest
1198 2459 1379 2544 ipsam(10)

234 2565 476 2649 apprehendere,
489 2565 545 2641 ¹ita
565 2582 622 2629 neo
643 2563 887 2645 profunditatem
908 2564 1091 2629 iudiciorum
1112 2564 1209 2645 ipsius
1221 2564 1302 2647 (11),
1323 2581 1381 2646 per

235 2689 296 2753 que
325 2675 429 2735 creata
457 2669 561 2733 omnia
589 2686 679 2731 suum
707 2666 800 2732 finem
828 2668 1019 2746 sorciuntur,
1049 2669 1165 2749 poterit
1184 2668 1378 2750 investigare.

234 2774 369 2839 Proinde
390 2791 410 2836 1
431 2771 543 2836 talibus
565 2789 625 2852 que
646 2788 684 2834 ex
705 2771 771 2836 solo
784 2771 853 2855 (12)
866 2771 968 2836 divine
989 2771 1157 2836 voluntatis
1187 2767 1379 2853 beneplacito

234 2877 420 2959 dependent,
443 2875 579 2941 animia
600 2878 632 2939 et
643 2861 845 2969 (1111111111
866 2874 1067 2957 inquisicione
1081 2876 1252 2941 cavendum
1264 2880 1321 2955 est,
1339 2893 1379 2940 11

234 2981 377 3046 videlicet
399 2984 554 3045 scrutator
575 2979 746 3044 maiestatis
769 2979 963 3060 opprimatur
983 2998 1003 3043 1
1024 2979 1214 3063 11111104).
1258 2980 1300 3044 Jn
1320 2980 1379 3045 hac

234 3089 340 3150 autem
360 3083 556 3148 inmensitate
578 3082 653 3148 deus
674 3101 731 3164 per
753 3101 841 3148 suam
863 3083 1106 3164 omnipotentem
1128 3084 1291 3164 virtudem,
1320 3083 1378 3148 hu·

234 3206 359 3252 manaan
378 3191 523 3251 naturam
535 3187 648 3266 1111111
670 3187 737 3252 aliis
758 3187 858 3251 modis
879 3204 1064 3267 recuperare
1078 3190 1203 3267 poterat
1215 3187 1300 3269 (15);
1322 3187 1378 3252 sed

234 3293 386 3358 stantibus
408 3292 635 3356 condicionibus
657 3296 693 3355 ut
713 3309 804 3370 nunc,
825 3290 926 3354 nullus
941 3291 1163 3371 congruencior
1177 3292 1287 3356 modus
1299 3294 1376 3355 erat.

234 3398 353 3463 Auctor
381 3396 462 3462 enim
490 3400 601 3460 nature
629 3396 662 3459 in
691 3414 747 3460 sua
776 3394 959 3476 operacione
987 3412 1050 3458 non
1072 3395 1205 3458 attendit
1227 3395 1302 3476 quid
1321 3412 1377 3459 sua

232 3503 331 3568 virtus
352 3500 520 3584 prevaleat,
543 3500 599 3564 sed
621 3497 954 3582 quid(16)unicuique
975 3501 1116 3562 creature
1139 3516 1309 3579 congruum
1328 3517 1377 3563 se-

233 3607 368 3672 cundum
387 3623 476 3671 suam
497 3608 642 3668 naturam
664 3603 785 3668 existat.
831 3599 908 3665 Cum
930 3605 1035 3664 autem
1056 3601 1148 3667 homo
1176 3602 1376 3683 paucissimas

232 3711 378 3777 veritates
398 3726 503 3775 rerum
528 3709 625 3772 eciam
653 3706 842 3771 naturalium
870 3709 904 3769 et
932 3702 1111 3768 inferiorum
1140 3705 1376 3772 deduccionibus

232 3811 406 3880 scientificis
420 3810 725 3893 obinperleccionem
745 3810 919 3874 intellectus
941 3808 1067 3873 humani
1088 3809 1175 3889 sciat,
1198 3813 1231 3874 et
1251 3810 1376 3875 easdem

298 3987 332 4056 (1)
355 3991 384 4049 H
397 3990 490 4068 capud
511 4023 556 4034 -
577 3986 611 4054 (1)
634 3989 737 4048 Dodd
755 3994 1009 4066 portens'erucem
1029 4021 1075 4031 -
1096 3983 1130 4052 (3)
1152 3988 1253 4046 Eodd
1273 3988 1377 4062 qui—

232 4074 267 4144 (4)
290 4078 499 4138 BDLPexitus
520 4111 565 4120 —
587 4073 620 4141 (5)
642 4075 863 4136 diormidulosa
883 4108 928 4119 -
950 4072 984 4140 (6)
1007 4075 1057 4133 FP
1070 4073 1127 4132 Cur
1149 4077 1173 4132 si
1196 4074 1289 4132 dicere
1309 4072 1378 4132 licet

232 4183 289 4226 non
310 4199 354 4209 —
376 4159 410 4228 (7)
433 4164 524 4223 ΑΜ1
545 4166 631 4223 tantis
654 4164 889 4238 conpassionibus
910 4194 954 4205 -
977 4156 1010 4226 (8)
1030 4159 1086 4218 ΕΗ
1097 4160 1248 4219 oculta—
1262 4155 1296 4225 (9)
1319 4160 1374 4218 Je-

232 4270 303 4311 rcm.
320 4256 364 4325 14,
386 4255 414 4312 9.
427 4285 472 4294 -
486 4246 537 4316 (10)
549 4251 600 4310 BL
608 4253 701 4325 ipsum
711 4282 756 4292 -
766 4245 817 4313 (11)
830 4248 975 4324 CPipsius
996 4246 1165 4306 iudiciorum
1175 4280 1219 4288 —
1233 4241 1285 4311 (11)
1299 4245 1375 4305 BCP

232 4355 252 4398 1
272 4338 399 4399 solo-
420 4333 471 4403 (13)
493 4336 648 4397 Aomnlno
670 4354 753 4396 a-
776 4331 827 4401 (14)
841 4337 934 4395 Prov.
947 4336 996 4408 25,
1013 4335 1060 4392 27.
1081 4364 1127 4376 -
1147 4328 1199 4399 (15)
1222 4333 1376 4409 Dpotuis-

231 4430 277 4483 set
297 4457 341 4468 —
361 4419 414 4489 (ld)
435 4422 553 4500 Aquod
