3000 5196
205 342 247 406 78

202 475 317 556 existit,
340 474 414 539 dum
434 472 520 540 radio
542 472 637 540 solari
657 470 794 539 fenestra
813 491 872 555 per
893 489 991 555 opaca
1002 473 1051 558 (1)
1064 475 1199 557 quedam
1224 475 1349 559 preclu-

203 581 297 660 ditur,
318 579 368 645 vel
388 578 506 661 hospiti
522 581 611 643 tanto
622 576 826 655 irreverentia
839 576 878 641 ab
889 576 972 641 intra
985 577 1156 660 exhibetur,
1171 583 1207 644 ut
1218 580 1348 662 proinde

204 684 288 749 exire
309 682 349 747 de
370 681 482 747 dilecta
503 685 597 762 atque
617 680 650 743 in
671 678 730 745 hoc
755 697 818 745 non
848 678 963 744 dilecta
975 686 1135 762 -oogatur,
1164 682 1232 764 ipse
1261 683 1347 748 otius

204 786 312 853 delicie
333 789 409 851 sunt
430 802 498 850 esse
520 771 590 849 cum
612 781 682 848 filiis
703 781 862 847 hominum
874 780 933 866 (2).
965 777 1133 850 interdum
1155 803 1279 867 quoque
1294 785 1349 850 ad·

204 889 330 978 veniens
349 887 571 953 exultationem
584 886 696 966 tribuo,
710 885 902 963 mansionem
915 883 1029 961 faciens
1043 887 1127 969 apud
1139 887 1304 973 dilectam(
1326 888 1351 972 ),

205 1010 269 1058 non
289 989 450 1056 manifeste
472 979 597 1072 quidem
618 989 673 1054 sed
694 989 814 1053 occulte
824 987 873 1072 (4)
886 993 980 1071 atque
1001 989 1145 1070 latenter,
1168 991 1213 1055 ita
1227 997 1263 1056 ut
1274 1011 1352 1075 pau·

205 1095 319 1161 cissimi
340 1100 373 1160 et
393 1093 456 1160 non
476 1094 536 1159 nisi
558 1093 762 1175 expertissimi
783 1085 900 1174 ¹queant
919 1093 1079 1174 presencie
1100 1097 1189 1158 tante
1212 1086 1352 1161 misteria

205 1215 400 1280 cognoscere.
430 1195 693 1264 DISCIPULUS:
715 1196 848 1272 Domine
867 1199 905 1259 ut
924 1196 1240 1278 rideo-peritissimus
1264 1216 1351 1263 ama-
1464 1205 1467 1213 '

205 1306 256 1368 tor
278 1318 311 1367 es
332 1306 377 1366 tu.
412 1301 474 1367 Oro
496 1301 591 1382 igitur
613 1304 646 1365 et
667 1300 818 1380 desidero,
840 1303 876 1363 ut
890 1297 983 1363 michi
997 1299 1102 1380 aliqua
1118 1300 1288 1382 intersigna
1299 1299 1348 1383 (5)

204 1410 260 1472 tue
292 1404 496 1470 secretissime
527 1421 564 1470 ao
600 1403 769 1468 certissime
803 1402 963 1484 presencie
999 1403 1165 1468 ostendere
1204 1403 1350 1485 digneris.

206 1507 442 1576 SAPIENOIA:
465 1507 498 1573 Si
519 1507 710 1590 presenciam
731 1523 832 1570 meam
847 1506 1005 1572 desideras
1024 1524 1218 1588 cognoscere,
1239 1511 1351 1572 temet·

205 1613 307 1695 ipsum
319 1611 367 1695 (6)
379 1611 477 1692 qualis
498 1611 541 1676 sis
562 1610 595 1673 in
616 1609 760 1674 absencia
789 1609 893 1689 gracie
920 1609 1015 1675 debes
1044 1609 1209 1691 diligenter
1236 1609 1352 1674 exami-

206 1731 292 1795 nare,
317 1718 349 1778 et
370 1714 476 1796 statim
498 1713 581 1795 quod
604 1712 706 1793 queris
728 1712 874 1776 invenies.
897 1703 1056 1777 Summum
1078 1731 1211 1795 namque
1235 1713 1351 1778 bonum

208 1835 279 1882 cum
300 1816 367 1895 sim,
393 1815 554 1898 presencia
574 1833 644 1879 mea
666 1819 776 1880 cuncta
796 1813 934 1879 bonitate
956 1815 1109 1897 adinpleo.
1138 1815 1279 1897 Jdeoquc
1292 1817 1351 1881 sic·

207 1923 243 1984 ut
265 1937 358 1985 causa
378 1936 435 2000 per
456 1936 546 1984 suum
568 1917 711 1983 effectum
733 1918 937 1999 cognoscitur,
960 1918 1060 1983 etsol
1080 1919 1114 1983 in
1133 1937 1167 1985 sc
1193 1919 1351 1985 invisibilis

202 2021 444 2106 ¹perradiorum
472 2039 599 2087 suorum
627 2021 891 2103 repercussionem
918 2020 1046 2086 risibilis
1074 2019 1224 2087 efficitur:-
1250 2023 1301 2088 sio.
1321 2027 1353 2087 et
1473 2047 1479 2052 ·

209 2125 371 2209 presencia
391 2143 462 2190 mea
483 2124 725 2207 deprehenditur
738 2143 795 2207 per
810 2142 898 2190 suam
910 2122 1160 2218 fecundissimam
1171 2125 1351 2190 bonitatem.

208 2229 299 2296 Nunc
319 2229 414 2311 igitur
434 2229 461 2294 si
481 2246 629 2311 umquam
652 2228 823 2294 bonitatem
851 2229 1010 2310 presencie
1036 2246 1105 2294 mee
1133 2228 1184 2294 vel
1211 2228 1353 2295 absencie

207 2334 404 2400 sterilitatem
424 2332 571 2415 probasti,
593 2330 699 2414 profer
719 2333 753 2397 in
773 2332 919 2412 medium,
941 2336 977 2396 ut
998 2333 1167 2398 instructus
1188 2332 1270 2402 inter
1281 2349 1352 2414 gra-

129 2474 140 2489 «
207 2437 293 2500 mina
312 2435 415 2501 valeas
438 2436 597 2501 dinoscere
609 2435 657 2520 (7)
668 2433 770 2501 flores.
803 2433 1064 2505 DISCIPULUS:
1088 2433 1121 2500 Si
1150 2439 1262 2509 cuncta
1284 2453 1351 2500 cor·

195 2539 293 2626 ¹poris
314 2535 375 2603 mei
395 2539 524 2604 menbra
544 2538 576 2602 in
597 2539 724 2619 linguas
737 2537 785 2621 (8)
797 2541 1001 2617 verterentur,
1023 2541 1056 2603 et
1070 2555 1176 2603 omnes
1194 2537 1352 2603 artushu-

208 2633 301 2706 mana
321 2659 397 2707 voce
416 2644 614 2720 resonarent,
644 2634 707 2704 non
735 2643 862 2721 possent
890 2640 1061 2721 exprimere
1089 2658 1189 2723 nequo
1217 2639 1352 2722 perfecte

172 2786 177 2797 x
209 2761 355 2810 enarrare
378 2742 437 2807 hoc
458 2742 542 2823 quod
564 2760 584 2805 a
604 2759 655 2806 me
677 2743 789 2822 queris.
819 2741 881 2808 Sed
902 2746 938 2807 ut
959 2741 1187 2823 verumtatem,
1204 2736 1352 2812 huus'rei

210 2863 313 2931 causa,
336 2845 369 2908 in
395 2843 628 2926 amplitudinem
640 2843 688 2926 (9)
699 2845 884 2910 mirabilium
906 2845 967 2926 dei,
989 2846 1149 2929 sepissime
1170 2847 1212 2912 ad
1233 2866 1286 2913 eor
1307 2848 1352 2913 al·

208 2941 276 3013 tum
304 2946 542 3036 exurrexi(10),
565 2951 601 3011 ut
623 2946 811 3012 exaltaretur
833 2947 1008 3031 deus(11),
1037 2950 1141 3026 dicens
1161 2951 1195 3015 in
1222 2956 1352 3025 memet-

208 3051 287 3134 ips'o.
328 3050 355 3116 Ο
384 3051 411 3116 si
439 3050 510 3114 talis
539 3055 587 3115 ost
606 3051 764 3133 presencie
786 3050 837 3115 dei
855 3052 1153 3136 tam(12)inmensa
1176 3053 1298 3119 bonitas
1318 3054 1351 3118 in

210 3153 333 3219 homine
346 3156 518 3238 peccatore,
532 3153 696 3221 cuiusvita
709 3154 836 3245 minima
849 3159 882 3218 et
893 3155 1041 3221 exercicia
1057 3155 1160 3219 nulla:
1185 3156 1259 3237 quid
1276 3175 1351 3237 ergo

210 3259 259 3322 est
278 3255 311 3320 in
332 3248 416 3336 aliis,
446 3254 499 3319 ubi
524 3256 799 3336 vite'innocencia,
823 3261 855 3320 et
875 3257 1049 3339 graciarum
1071 3257 1351 3341 ac(13)virtutum

210 3358 299 3440 copia
319 3362 385 3422 tam
405 3357 567 3423 inmensa?
586 3358 829 3441 Verrunptamen
850 3358 909 3423 hoc
929 3360 1084 3425 modicum
1106 3361 1189 3442 quod
1204 3366 1349 3441 expertus

208 3459 287 3541 sdm,
308 3464 403 3547 prout
424 3460 544 3526 dederis
564 3459 729 3542 proferam,
752 3466 788 3526 ut
808 3462 841 3524 in
856 3461 1088 3546 eiusmodi-(14)
1100 3463 1269 3544 pleniorem
1284 3481 1304 3527 a
1318 3468 1351 3528 te

207 3562 323 3629 habere
343 3563 459 3645 possim
481 3563 683 3649 directionem
704 3564 934 3646 premissorum.
966 3564 1070 3645 Jgitur
1099 3565 1126 3631 0
1148 3583 1270 3630 summa
1295 3567 1350 3632 bo·

208 3665 300 3745 nitas,
324 3683 393 3730 cum
413 3664 523 3731 ladem
543 3671 630 3730 tuam
651 3667 824 3747 graciosum
838 3667 977 3732 bonitate
992 3671 1024 3732 et
1035 3667 1104 3751 (15)
1116 3669 1270 3735 suavitate
1283 3669 1349 3751 ple·

275 3846 310 3916 (l)
331 3851 511 3926 Lperopaca
552 3853 607 3910 BD
618 3870 670 3927 per
692 3863 779 3931 opata
820 3857 996 3934 Fperopata
1029 3857 1167 3935 AElpor
1187 3865 1287 3935 optata
1323 3859 1352 3920 G

208 3941 360 4009 peroptata
403 3935 586 4010 OHperopta
606 3967 651 3978 —
672 3933 705 4000 (²)
728 3941 820 3999 Prov.
843 3944 877 4014 8,
906 3946 951 4002 31.
971 3977 1017 3988 -
1044 3940 1078 4009 (3)
1106 3944 1279 4004 Fdilectum
1306 3979 1351 3988 -

210 4013 245 4083 (4)
266 4018 428 4078 EHoculta
448 4051 493 4062 --
513 4014 547 4081 (5)
569 4018 782 4095 Hinterslngna
802 4056 847 4066 -
874 4022 908 4089 (6)
931 4028 1026 4086 OJLP
1040 4033 1164 4104 teipsum
1206 4030 1352 4091 Atemet·

209 4103 303 4176 ipsam
322 4134 367 4144 -
387 4098 421 4166 (1)
445 4101 569 4160 cossi>
580 4117 751 4176 cognoscere
772 4138 816 4149 -
837 4103 870 4172 (8)
893 4111 1019 4188 Lliguas
1051 4147 1096 4158 .-
1118 4110 1151 4179 (9)
1175 4114 1236 4175 GM
1247 4118 1352 4193 ampli.
1425 4119 1453 4145 ν

210 4184 308 4261 tudine
328 4180 445 4260 -l10l
467 4185 603 4244 ACEFM
615 4189 767 4247 exsurrexi.
791 4189 898 4251 (leteris
918 4198 951 4252 io
972 4189 1122 4258 locis'libri
1134 4205 1230 4261 nostri
1242 4203 1352 4262 babent

211 4264 347 4342 exurgere
367 4301 411 4311 —
432 4264 484 4331 (11)
506 4271 589 4327 Psoi
611 4271 651 4327 63
657 4289 669 4341 ,·
689 4271 753 4327 7-8.
773 4303 817 4317 -
837 4269 889 4337 (12)
911 4276 1117 4351 FLpresencia
1135 4285 1199 4364 dei,
1220 4293 1280 4348 tam
1307 4321 1352 4332 -

210 4344 264 4414 (13)
285 4350 370 4410 BDG
382 4357 411 4410 at
430 4384 474 4394 -
496 4346 548 4415 (14)
570 4351 846 4414 CDFPhuiusmodi
866 4388 911 4400 —
931 4354 983 4420 (15)
1005 4360 1054 4421 Α]
1064 4382 1101 4434 ao
