3000 5196
175 373 216 435 52

173 509 216 575 ibi
237 507 362 589 quidam
383 505 476 571 homo
498 505 557 584 dei,
581 504 635 586 qui
654 523 712 586 pro
734 504 834 568 salute
855 505 915 570 loci
938 505 1030 571 deum
1042 507 1090 591 (1)
1103 509 1227 574 assidue
1248 529 1320 592 pre·

174 613 310 678 cabatur.
342 609 520 691 Aspiciebat
540 608 572 672 in
594 608 662 672 visu
684 609 798 673 noctis:
821 608 863 671 Et
884 627 955 674 ecce
977 612 1065 691 quasi
1087 612 1125 677 de
1148 619 1237 695 parte
1259 614 1320 679 loci

175 716 312 782 eiusdem
334 713 516 780 occidentali
537 713 617 777 aries
632 730 712 776 unm
727 712 765 775 de
779 731 873 793 grege
887 716 1030 794 surrexit,
1044 714 1160 782 habens
1176 718 1237 782 duo
1253 735 1320 782 cor-

174 838 247 898 nua,
270 823 301 882 et
318 819 355 883 iu
376 817 476 898 capite
498 835 554 907 suo
576 833 722 881 coronam
742 815 892 895 ferream;
916 822 948 881 et
970 817 1043 883 data
1064 825 1113 884 est
1135 822 1164 885 ei
1181 826 1321 903 potestas

175 928 212 988 ut
232 926 377 1003 regnaret
398 922 430 985 in
451 920 591 1002 predicto
613 919 691 1009 loco.
726 919 824 996 Quem
846 921 1055 1002 sequebantur
1080 925 1168 1004 quasi
1195 931 1321 1004 septua-

176 1028 263 1109 ginta
283 1023 443 1107 vulpecule
463 1023 512 1088 vel
534 1023 674 1104 amplius,
697 1023 881 1088 adherentes
903 1025 1008 1103 arieti,
1032 1044 1092 1107 que
1115 1028 1233 1107 etipse
1255 1029 1320 1092 sin-

176 1132 265 1213 gulas
286 1147 416 1195 coronas
438 1127 639 1209 accipiebant.
674 1126 791 1204 Quibus
813 1127 977 1193 multitudo
1000 1129 1189 1194 diversorum
1204 1132 1321 1196 anima·

176 1236 253 1300 lium
274 1233 434 1312 utriusque
456 1249 548 1295 sexus
560 1230 666 1294 iuncta
679 1233 755 1316 erat,
773 1230 905 1310 quedam
917 1231 1041 1311 quddam
1057 1249 1094 1295 ex
1107 1233 1227 1313 timore,
1247 1254 1322 1316 que·

179 1339 251 1404 dam
273 1355 310 1401 ex
333 1335 517 1417 cupiditate3
549 1353 612 1399 non
633 1333 719 1397 nulla
740 1334 836 1398 eciam
848 1333 896 1416 (2)
906 1334 1038 1416 simplici
1060 1337 1193 1417 quodam
1219 1340 1321 1405 animo

178 1439 406 1507 mutitudinem
427 1437 645 1519 sequebantur.
679 1436 783 1517 Jgitur
804 1437 884 1501 aries
906 1437 1012 1502 volens
1026 1439 1084 1503 sibi
1096 1440 1221 1522 suisque
1235 1443 1322 1524 inpe-

179 1529 340 1612 rium'loci
360 1548 520 1623 usurpare,
543 1540 691 1605 circuibat
711 1540 744 1603 in
765 1558 859 1605 manu
872 1540 982 1619 valida,
998 1540 1156 1608 deseviens
1169 1545 1201 1607 in
1216 1564 1322 1612 omnes
1362 1584 1364 1591 ι

180 1650 234 1732 qui
253 1647 311 1712 sibi
330 1644 525 1717 resmtebant.
563 1644 711 1708 Potentes
743 1643 908 1724 deiciebat,
939 1651 1101 1726 magnates
1122 1646 1321 1729 humiliabat,

180 1752 330 1836 quosdam
351 1749 441 1823 exilio
464 1748 660 1830 dampnabat.
694 1747 736 1810 Et
757 1746 925 1813 factusest
948 1749 1041 1832 timor
1062 1769 1170 1816 eorum
1192 1771 1323 1833 magnus

179 1874 274 1938 super
294 1851 536 1944 omnesincolas
559 1855 590 1915 et
612 1851 811 1922 convicaneos
825 1851 884 1916 loci
898 1852 1044 1917 eiusdem.
1079 1854 1226 1921 Volentes
1241 1857 1324 1922 enim

181 1953 245 2029 sive
257 1957 305 2043 (3)
317 1975 374 2040 per
394 1955 473 2037 phas
495 1955 559 2019 sive
580 1973 637 2036 per
647 1953 765 2035 nephas
774 1973 914 2048 preesse,
930 1956 1005 2020 nulli
1018 1958 1065 2040 (t)
1077 1958 1238 2024 obsistenti
1251 1979 1324 2042 par·

182 2065 292 2130 cebant
313 2061 447 2138 omnino,
470 2077 528 2123 nec
549 2058 635 2122 sexui
656 2064 711 2122 aut
732 2058 816 2137 etati,
840 2059 1057 2142 cuiuscumque
1072 2063 1238 2128 existerent
1259 2083 1324 2129 me-

181 2270 379 2339 cxterminari
400 2268 439 2333 de
460 2272 554 2332 terra.
588 2266 659 2331 Non
681 2265 757 2353 nudli
778 2270 883 2331 tamen
906 2267 945 2332 de
966 2269 1080 2350 popudo
1105 2269 1155 2335 dei
1166 2270 1215 2353 (5)
1225 2272 1325 2336 relicti

181 2381 264 2456 sunt,
286 2375 340 2456 qui
359 2373 458 2453 magis
480 2372 573 2436 deum
594 2378 696 2453 quam·
708 2370 848 2435 homines
870 2371 1014 2437 timentes
1027 2373 1060 2437 in
1075 2374 1326 2440 tribulacionibus

182 2479 323 2548 maximis
344 2472 473 2541 viriliter
495 2479 527 2539 et
549 2478 726 2539 constanter
743 2475 955 2554 perstitertmt,
969 2477 1072 2557 parati
1085 2496 1142 2558 pro
1155 2478 1263 2559 patriis
1276 2478 1324 2561 (6)

184 2583 292 2650 ac'dei
312 2581 430 2662 legibus
451 2578 531 2642 mori
552 2577 682 2656 fortiter,
700 2579 1205 2665 quamprevancatorumparere
1217 2582 1326 2647 volun-

183 2688 252 2767 tati,
273 2704 331 2768 per
353 2701 484 2765 quorum
504 2680 645 2745 lascivias
668 2684 699 2742 et
719 2681 980 2760 transgressiones
1001 2683 1087 2748 locus
1108 2685 1191 2749 idem
1220 2685 1325 2750 statim

184 2794 218 2857 in
238 2787 385 2854 nichilum
406 2784 504 2865 redigi
525 2786 658 2865 poterat.
702 2781 791 2846 Licet
807 2788 916 2855 =autem
949 2791 980 2850 et
1008 2787 1090 2852 inter
1118 2788 1175 2855 hos
1204 2807 1326 2870 quoque

185 2896 290 2959 essent
311 2890 365 2971 qui
386 2888 528 2954 odviam
555 2887 694 2951 veritatis
723 2904 785 2952 non
814 2893 898 2952 recte
927 2891 1196 2975 ambularentql),
1226 2911 1326 2975 neque

71 3026 73 3030 >
184 2996 311 3064 semitas
331 2992 450 3059 iusticie
472 2996 503 3055 et
525 2991 670 3075 equitatis
691 2994 727 3054 ut
743 2995 866 3072 oportet
880 2992 1089 3076 observarent,
1111 2998 1200 3062 malis
1222 3002 1326 3062 tamen

122 3116 125 3121 ·
184 3098 375 3184 gravioribus
397 3113 456 3177 que
477 3113 534 3176 per
556 3094 718 3158 adversam
738 3099 860 3176 partem
881 3097 1067 3162 subintroire
1088 3105 1249 3181 ceperant,
1273 3101 1326 3166 ob-

186 3206 271 3271 viare
299 3200 474 3283 cupientes,
504 3216 538 3263 se
567 3198 683 3262 eisdem
709 3217 879 3280 proposse
901 3202 1105 3283 opponebant.
1157 3202 1273 3280 Quibus
1294 3205 1327 3268 in

185 3291 371 3375 adiutorium
392 3301 450 3367 fuit
472 3301 534 3366 dux
555 3299 689 3366 filiorum
711 3302 769 3381 dei,
792 3299 1010 3368 loci'eiusdem
1032 3324 1194 3386 supremus
1216 3308 1327 3388 guber·

184 3416 287 3498 nator,
297 3470 299 3487 2
308 3407 365 3473 Vir
375 3406 482 3487 utique
492 3424 549 3488 per
563 3406 665 3471 omnia
678 3405 840 3471 laudabilis
856 3410 888 3470 et
901 3409 1124 3488 magnanimus,
1147 3411 1327 3492 iusticieque

133 3595 135 3598 ¹
175 3496 315 3583 'zelator'
351 3510 472 3575 Diversi
486 3509 533 3592 (8)
546 3517 668 3592 quoque
691 3510 743 3591 qui
764 3507 922 3590 fugiebant
943 3512 1049 3591 mala,
1073 3513 1170 3577 additi
1192 3520 1264 3579 sunt
1286 3515 1327 3578 ad

184 3641 247 3700 eoo,
270 3623 302 3682 et
321 3616 395 3682 iacti
415 3618 488 3680 smrt
511 3615 554 3679 eis
570 3614 602 3678 in
616 3613 845 3678 firmamentum
857 3612 916 3698 (9).
949 3614 1052 3695 Jgitur
1065 3616 1144 3681 aries
1158 3619 1243 3683 nisus
1255 3618 1326 3702 (10)

183 3730 232 3791 est
253 3722 396 3788 cornibus
416 3721 479 3785 suis
501 3720 640 3802 inpetere
662 3720 771 3784 ducem
792 3719 894 3801 gentis
916 3737 981 3799 sue,
1004 3723 1246 3803 eumquemodis
1261 3723 1328 3803 qui·

135 3894 137 3899 p
183 3829 242 3894 bus
270 3827 394 3907 poterat
420 3823 540 3887 deicere
569 3823 726 3887 nitebatur
742 3822 823 3904 (11).
868 3824 911 3887 At
938 3841 1012 3889 vero
1041 3825 1103 3889 dux
1130 3825 1346 3891 invictissime

184 3931 306 3998 stabat..
340 3926 409 4004 Quo
430 3925 495 3991 viso
518 3924 598 3988 aries
620 3942 690 3988 cum
719 3925 901 4006 quibusdam
931 3927 969 3992 de
997 3929 1060 3994 suis
1089 3930 1130 3993 ad
1157 3930 1327 4011 principem

184 4034 283 4101 tocius
304 4029 507 4094 mudtitudinis
523 4045 564 4092 se
585 4027 760 4106 transtulit,
782 4046 818 4092 ac
839 4030 940 4111 ipsum
962 4038 1070 4097 contra
1092 4033 1201 4098 ducem
1222 4034 1328 4116 populi

258 4169 292 4237 (1)
322 4169 520 4244 Cdominum3
553 4186 624 4228 moa
652 4167 755 4227 nont>
770 4169 977 4246 deprecabatur
1007 4206 1052 4216 —
1081 4169 1114 4238 (2)
1145 4176 1205 4234 DM
1220 4194 1256 4235 ex
1283 4208 1328 4218 —

64 4236 66 4243 '
188 4255 222 4322 (3)
243 4261 304 4318 sive
326 4276 375 4317 om
397 4254 483 4313 ΛΕΜ
504 4288 549 4298 -
571 4249 604 4318 (4)
628 4255 741 4313 ΒήυΗο
762 4288 807 4298 -
828 4255 861 4321 (5)
885 4259 930 4317 dei
953 4275 1001 4316 om
1023 4258 1106 4318 DGP
1121 4293 1166 4302 -—
1187 4257 1221 4326 (6)
1244 4262 1327 4321 ADF

187 4346 313 4420 paternis
331 4375 376 4386 --
398 4336 432 4404 (7)
456 4340 555 4401 Galat.
575 4344 604 4415 2,
626 4344 671 4401 14.
692 4373 737 4383 -
759 4335 792 4405 (8)
815 4341 867 4410 DF
880 4343 1012 4404 Universi
1025 4378 1070 4388 —
1091 4340 1125 4411 (9)
1147 4348 1286 4408 Mocbab.
1303 4347 1328 4420 Ι,

188 4432 216 4501 2,
238 4430 288 4486 43.
307 4460 352 4470 -
373 4421 424 4488 (10)
446 4418 590 4488 ABOHM
599 4430 677 4488 visus
689 4440 735 4472 -'-
756 4421 808 4491 (11)
831 4431 858 4487 D
871 4432 1029 4490 conabatur
