3000 5196
204 664 255 724 tra
267 677 384 738 omnes,
404 662 436 723 et
449 677 558 723 manus
576 658 713 724 omnium
729 665 836 725 eontra
851 678 921 725 eam
931 660 981 744 (1)
993 678 1061 727 esse
1074 661 1245 725 videantur.
1268 659 1352 724 Mille

204 761 493 845 namque(t)a1tes
514 762 654 826 lucrandi
676 768 856 844 queruntur,
880 768 913 829 et
929 768 1012 829 artes
1027 765 1135 829 salutis
1150 764 1307 845 operative
1319 764 1352 826 in

204 872 286 931 artes
307 866 473 930 lucrativas
496 866 701 946 transierum,
731 868 777 932 ita
797 872 833 932 ut
854 869 1051 950 argutissima
1073 868 1192 933 ouicffla
1213 866 1269 946 sit,
1293 885 1353 947 que

203 969 252 1035 vel
273 969 428 1034 modicum
450 969 488 1032 de
509 969 582 1031 lana
604 974 711 1033 contra
732 969 854 1051 frigoris
877 972 1076 1053 asperitatem
1098 971 1156 1036 sibi
1174 970 1212 1035 ob
1226 975 1353 1035 venato·

204 1092 274 1137 rum
296 1072 494 1137 calliditatem
506 1071 554 1155 (3)
567 1090 604 1136 ae
624 1077 785 1139 tonsorum
797 1075 997 1156 cupiditatem
1006 1091 1168 1139 reservare
1182 1074 1289 1155 possit.
1312 1073 1355 1137 Et

205 1177 288 1259 quod
310 1176 366 1240 sub
387 1174 488 1240 forma
508 1177 637 1258 pecunie
648 1177 697 1259 (4)
708 1179 860 1243 reservari
881 1178 1027 1243 indecens
1050 1170 1211 1257 iudicatur,
1235 1176 1310 1240 dum
1320 1177 1361 1255 in*

204 1279 298 1344 alium
321 1276 411 1344 u'sum
432 1280 582 1361 pietatem
604 1280 729 1361 quidem
750 1280 967 1363 preferentem,
989 1299 1024 1346 re
1046 1286 1150 1345 autem
1171 1298 1246 1345 vera
1268 1281 1352 1361 eupi-

205 1382 298 1447 ditati
320 1383 543 1448 deservientem
555 1388 761 1464 conmutatur,
780 1385 820 1449 de
833 1403 870 1450 eo
887 1384 1112 1467 quodammodo
1127 1384 1215 1466 quasi
1227 1383 1353 1466 ydolum

204 1487 382 1552 lubricatur.
416 1487 537 1568 Nempe
547 1487 966 1568 peculiumadhocinaliam
976 1489 1118 1570 speciem,
1134 1486 1250 1552 seilicet
1260 1486 1353 1550 libro·

203 1609 273 1655 rum
295 1591 344 1655 vel
366 1595 617 1671 paramentorum
641 1591 915 1657 eeclesiasticomm
932 1591 1131 1670 transferunt,
1154 1595 1189 1654 ut
1204 1590 1278 1653 dum
1290 1590 1352 1653 iam

204 1694 310 1759 habita
331 1693 499 1759 defecerint
510 1693 569 1779 (5),
592 1696 682 1776 quasi
703 1695 780 1760 deus
801 1714 865 1761 non
886 1696 968 1760 sitin
982 1694 1114 1775 israhel,
1128 1695 1220 1759 deum
1234 1691 1352 1756 Aucha-

204 1818 262 1865 ron
283 1816 375 1879 quem
396 1799 428 1862 in
450 1798 606 1863 marsubio
628 1799 799 1880 repositum
820 1798 935 1869 habent
958 1799 1117 1865 considere
1138 1798 1283 1881 possint(
1305 1796 1328 1877 ).

269 1902 318 1967 De
340 1887 481 1966 castitate
502 1906 607 1965 autem
629 1920 689 1984 que
710 1903 860 1967 urtutum
882 1903 974 1967 decor
996 1906 1044 1968 est
1065 1902 1211 1984 prosequi
1222 1919 1285 1964 non
1300 1917 1352 1964 ex-

204 2005 290 2088 pellit
310 2007 369 2071 nisi
390 2005 555 2084 tantillum,
579 2006 661 2086 quod
683 2004 869 2086 proebdolor
882 2006 955 2086 agni
968 2007 1080 2071 novelli
1093 2007 1169 2070 dmu
1188 2021 1276 2070 sevus
1289 2005 1352 2068 iam

204 2110 293 2191 lupas
306 2110 353 2193 (7)
365 2108 495 2190 fugiunt,
508 2109 590 2173 etad
605 2113 766 2199 pastorum
779 2111 1006 2191 protectionem
1021 2109 1209 2191 confugiunt,
1222 2109 1255 2173 in
1268 2125 1352 2172 mus-

205 2213 338 2295 cipulam
360 2211 544 2277 deteriorem
567 2213 696 2292 cadunt3
720 2217 752 2276 et
774 2213 848 2277 dum
870 2213 979 2279 dentes
991 2214 1113 2296 lupinos
1132 2212 1286 2276 declinare
1299 2229 1352 2275 cu·

204 2317 303 2399 pium,
326 2316 479 2381 insidiosis
502 2316 767 2382 musticaeiombus
781 2316 913 2381 arietum
928 2316 1062 2383 letaliter
1075 2316 1286 2394 vcdnerantur,
1297 2318 1353 2378 aut

204 2420 327 2502 penitus
349 2419 541 2485 occumbunt.
581 2419 720 2501 Speciem
743 2421 824 2487 euim
849 2420 975 2501 quidem
995 2419 1304 2502 pietatishabentes(
1327 2418 1351 2500 ),

204 2525 351 2589 virtutem
373 2528 478 2587 autem
498 2524 702 2605 abnegantes,
733 2524 807 2588 dum
820 2527 942 2590 'notam
963 2523 1166 2590 inhonestatis
1189 2540 1226 2586 ex
1247 2521 1352 2605 prodi·

205 2629 292 2692 oione
314 2627 414 2692 solum
426 2627 474 2710 (9)
485 2629 596 2691 timent
608 2628 784 2706 incurrere,
808 2628 936 2692 student
957 2627 1095 2692 clancrrlo
1108 2627 1271 2691 latrocinia
1286 2624 1351 2687 ani-

194 2714 327 2795 marum
348 2749 499 2810 exercere,
523 2730 680 2812 violasque
703 2731 824 2794 celestis
845 2731 950 2812 sponsi
971 2730 1089 2795 uiolare
1109 2729 1159 2794 vel
1178 2732 1351 2793 contreeta-

205 2835 291 2927 tione
303 2834 374 2917 (10)
384 2824 548 2898 inhonesta
559 2834 724 2897 maculare.
746 2833 1146 2919 Hiiexemploquorundam
1156 2831 1350 2896 sacerdotum

205 2954 347 3018 mosayce
368 2937 444 3015 legis
466 2936 594 3000 mittunt
614 2935 798 3001 fuscinulam
811 2936 924 3019 (1¹1)iu
947 2936 1056 3016 ollam,
1087 2938 1119 2999 et
1147 2934 1186 2999 de
1210 2933 1269 2997 hiis
1291 2951 1351 3014 que

207 3040 274 3105 deo.
288 3039 397 3105 offerre
420 3032 567 3104 deberent
576 3041 717 3121 rapinam
732 3044 884 3105 exercent.
915 3040 957 3103 Et
971 3040 1043 3121 quia
1055 3043 1156 3104 totum
1169 3033 1350 3102 sacrificium

206 3160 385 3208 consumere
406 3161 469 3206 non
491 3142 615 3222 audent,
638 3144 749 3208 saltem
761 3143 907 3229 libamina
921 3141 1140 3208 sacrificiorum
1155 3140 1288 3223 qualiter
1300 3157 1351 3203 sa-

204 3234 479 3329 pientumque
499 3252 631 3328 possunt
654 3247 828 3327 degustant.
909 3274 912 3287 ,

249 3406 253 3411 .
269 3351 367 3416 Porro
390 3351 428 3414 de
446 3350 574 3414 caritate
589 3369 649 3431 que
662 3350 809 3415 connexio
825 3354 873 3416 est
884 3351 984 3416 tocius
997 3349 1166 3432 spiritualis
1182 3352 1347 3426 structure,

204 3455 279 3536 quid
300 3455 422 3533 dicam?
442 3455 609 3518 Exinanita
622 3459 678 3534 est,
692 3455 858 3518 Exinanita
869 3454 939 3538 (13)
951 3474 1049 3536 usque
1062 3455 1102 3518 ad
1115 3453 1350 3518 fundamentum

186 3558 236 3623 'in
257 3576 304 3622 ea.
337 3557 453 3623 Omnes
476 3559 558 3622 enim
575 3575 635 3640 que
649 3575 707 3622 sua
719 3563 792 3623 sunt
806 3563 949 3640 quemmt,
972 3577 1035 3623 nou
1051 3576 1111 3640 que
1124 3558 1256 3623 aliorum
1268 3554 1348 3639 (ll),

203 3663 362 3743 magisque
384 3680 466 3726 nuno
486 3662 589 3726 locum
599 3662 704 3726 -habet
725 3662 899 3744 periculosa
922 3662 1077 3727 detraccio
1108 3679 1200 3742 quam
1227 3660 1349 3724 sincera

268 3798 302 3866 (1)
325 3802 439 3863 Aeum.
464 3801 564 3879 Genea.
587 3800 631 3876 16,
646 3807 692 3863 12.
703 3836 748 3846 -
762 3799 796 3867 (²)
811 3802 860 3862 ΟΡ
872 3806 947 3872 enim
980 3801 1039 3862 DG
1050 3810 1200 3861 autem—
1213 3796 1247 3863 (3)
1264 3799 1350 3858 CDM

203 3890 377 3950 caliditatem
398 3923 442 3933 —
464 3886 498 3952 (4)
520 3890 713 3965 Hpeeeunie3
743 3896 816 3950 moa
842 3890 1025 3949 Breservare
1054 3922 1098 3933 —-
1120 3884 1155 3952 (5)
1178 3887 1350 3946 Cdeiecerit

202 4009 247 4020 -
262 3972 303 4038 ’(6)
326 3976 397 4051 aeq.
419 3976 440 4033 Ι
445 3977 477 4046 V,
499 3979 522 4047 1,
545 3979 628 4061 23·-
650 3973 683 4039 (7)
701 3977 881 4035 'DFP'sevos
903 3980 960 4034 iarn
982 3976 1121 4050 lupos2-
1135 3970 1169 4038 (8)
1187 3971 1261 4031 DFJ
1275 3972 1350 4047 Spe-

204 4065 276 4122 ciem
299 4064 373 4120 enim
396 4061 540 4136 quandam
562 4060 593 4139 (J
608 4061 700 4139 quasi)
723 4066 836 4137 pietatis
859 4063 998 4122 habentes
1050 4061 1251 4135 AHSpeeiem
1274 4061 1349 4116 euim

204 4149 320 4224 quidam
339 4151 451 4222 pietatis
469 4147 508 4227 (Α
520 4151 633 4222 pietatis
652 4149 779 4226 quidam)
805 4150 944 4209 habentes
975 4148 1023 4208 ΟΡ
1035 4149 1160 4224 Quidam
1183 4148 1258 4204 euim
1281 4161 1350 4218 spe-

204 4238 277 4295 eiem
299 4235 438 4295 habentes
459 4237 583 4309 pietatis.
609 4234 682 4292 lim.
703 4234 752 4305 11,
782 4237 817 4308 3,
848 4239 875 4292 5.
903 4268 948 4278 -
974 4232 1007 4298 (9)
1038 4239 1081 4292 itu
1110 4230 1231 4290 DFJM:
1263 4233 1350 4288 celeri

203 4323 337 4381 solis-
358 4317 409 4385 (1⁰)
432 4321 460 4379 A
472 4323 701 4380 contractatione
733 4320 816 4380 DEG
828 4323 1028 4381 contractione
1062 4318 1350 4377 Ceontreeeione—

204 4402 255 4470 (11)
278 4406 360 4469 ACG
370 4406 540 4469 fiscinulam.
553 4408 626 4484 Ray.
641 4407 667 4480 1,
685 4409 885 4479 2,13-14.—
906 4403 957 4470 (11)
972 4405 1049 4465 Bel>
1060 4406 1175 4480 sapiunt
1186 4436 1231 4446 —
1253 4397 1305 4467 (¹3)
1320 4401 1349 4460 D

203 4491 355 4556 Exinanitu
376 4498 520 4556 emunita
540 4502 586 4557 est
605 4495 759 4553 Exinanita
790 4493 983 4553 Allxinunita
1002 4491 1158 4551 Exinanita
1182 4497 1227 4550 est
1266 4487 1349 4548 ull?

203 4576 355 4649 Exindnlta
375 4588 420 4640 est
439 4582 592 4647 Exinauita
614 4588 658 4644 est
677 4612 722 4623 -
744 4575 796 4644 (14)
821 4581 927 4654 Pbtbp.
947 4581 976 4651 2,
997 4581 1027 4636 4.
1153 4647 1157 4661 ¹
