3000 5196
251 498 292 583 aa

250 666 303 712 oor
325 665 426 711 meum
447 652 587 712 secumt
573 647 685 727 trahit;
707 649 735 713 si
755 648 900 729 redierit,
929 667 964 714 es
994 666 1099 713 meum
1126 648 1220 712 iubilo
1252 645 1391 728 replebit.

175 793 180 805 ·
251 751 321 816 Sive
335 751 532 815 comedam
507 770 571 815 srve
584 752 696 831 bibam,
724 753 773 816 vel
798 752 882 817 aliud
900 749 1394 845 quodcumque(1)laciam,ipse

127 878 129 885 ⁴
251 855 344 919 michi
364 873 492 936 presens
510 861 567 919 est.
601 855 736 936 Jpseest
748 875 840 937 quem
854 857 900 920 int
886 855 997 935 t3endo
1019 857 1146 938 ipseest
1157 873 1248 937 quem
1259 872 1393 935 requ1r0

246 959 491 1040 Jnsipienst
428 957 527 1023 iactum
490 978 633 1039 us,sum
655 979 752 1051 amor
779 979 830 1025 me
859 960 967 1041 coegit.
944 959 1080 1024 tEcde
1102 960 1194 1024 dilect
1181 966 1247 1022 tum
1269 956 1395 1039 diligere

251 1082 314 1127 non
336 1063 493 1144 expectavi
515 1082 674 1144 quousque
695 1064 780 1128 senio
802 1063 1006 1145 bigescerem,
1030 1081 1067 1129 ao
1087 1064 1201 1128 viribus
1219 1061 1298 1126 tract
1284 1067 1334 1126 tus
1346 1061 1394 1145 (2)

239 1165 424 1245 deficerem,
447 1185 607 1247 quousque
629 1166 723 1232 decor
743 1167 847 1232 vultus
862 1167 948 1231 rosei
959 1167 1122 1248 deperiret,
1147 1171 1178 1230 et
1194 1184 1270 1246 ruge
1287 1165 1397 1229 faciem

253 1271 418 1352 operirent,
441 1272 538 1334 etsie
559 1278 669 1335 exosus
690 1270 790 1335 lactus
812 1275 845 1335 et
865 1271 963 1335 amori
983 1276 1107 1335 terreno
1128 1271 1268 1352 ineptus,
1291 1288 1397 1334 neces·

253 1375 344 1440 sitat'e
356 1378 485 1455 cogente
495 1374 648 1456 adipsum
659 1374 827 1439 amandum
838 1373 887 1459 (3)
900 1374 1105 1456 confugerem,
1123 1376 1176 1457 qui
1194 1376 1286 1439 aliam
1303 1391 1397 1455 quam

254 1479 413 1560 diligerem
434 1477 483 1542 vel
500 1496 524 1542 a
549 1497 611 1560 qua
638 1479 723 1560 diligi
752 1496 895 1560 cuperem
923 1498 986 1543 non
1014 1479 1169 1559 haberem,
1214 1478 1397 1560 Qninymmo

256 1601 326 1647 cum
346 1582 379 1645 in
391 1580 439 1664 (4)
450 1579 525 1645 flore
546 1581 713 1646 iuventutis
735 1587 801 1647 etas
824 1582 924 1646 adhuc
944 1587 1053 1647 tenera
1068 1582 1287 1663 longevitatem
1296 1600 1398 1654 *anno-

153 1726 158 1731 ·
254 1705 325 1750 rum
346 1685 551 1766 promitteret,
575 1688 607 1748 et
628 1685 892 1766 sociorum-grata
914 1687 1072 1751 consorcia
1087 1687 1240 1765 adessent,
1263 1691 1294 1750 et
1308 1689 1398 1748 natu-

135 1805 142 1811 ·
254 1789 328 1867 ralis
351 1788 509 1868 conplexio
531 1789 630 1853 amori
651 1786 812 1869 arrideret,
834 1789 1010 1871 multosque
1022 1788 1069 1871 (ὁ)
1080 1795 1226 1870 rogantes
1248 1807 1284 1853 ac
1301 1794 1399 1853 retra·
1443 1786 1447 1793 '

255 1891 365 1956 hentes
386 1890 548 1956 haberem:
571 1891 629 1956 hiis
652 1893 792 1957 omnibus
815 1894 936 1974 spretis,
959 1894 1055 1959 violas
1069 1893 1292 1974 pulcherrimas
1307 1891 1400 1956 michi

256 1996 387 2060 dulciter
408 1995 579 2060 arridentes
602 1997 873 2083 contempnebam,
903 1996 1171 2079 facieque-aversa
1192 2015 1262 2061 cum
1283 1997 1400 2077 gemitu

256 2099 421 2164 aversabor
433 2098 492 2182 (6).
526 2099 630 2164 Letus-
644 2101 748 2166 omnia
758 2101 882 2182 proieci,
906 2105 938 2165 et
949 2105 982 2165 te
995 2101 1088 2165 michi
1102 2100 1274 2165 mercedem
1287 2100 1400 2164 amoris

257 2203 411 2268 constitui.
444 2202 494 2266 Ad
516 2203 656 2268 amo'rern·
674 2208 768 2267 tuum.
785 2203 915 2285 confugi,
938 2209 1031 2285 teque
1049 2204 1184 2269 michlin
1198 2188 1400 2286 dilectnmffl)

257 2307 344 2388 elegi.
379 2307 536 2389 Numquid
558 2308 652 2389 igitur
673 2308 700 2373 0
723 2327 811 2374 amor
823 2327 919 2388 meus,
935 2309 1081 2390 gaudium
1095 2326 1210 2387 mcum,
1222 2310 1255 2372 et
1272 2302 1401 2372 dulcedo

124 2423 128 2437 “
257 2413 359 2476 anime
380 2429 457 2491 mee,
481 2412 598 2494 inpium
621 2416 711 2492 esset,
734 2417 770 2476 ut
790 2431 841 2477 me
862 2413 1058 2494 singulariter
1080 2413 1232 2495 diligeres
1256 2416 1287 2476 et
1304 2411 1402 2475 amori

257 2519 345 2581 tanto
367 2515 521 2580 tantillum
529 2515 764 2599 ,responderem
787 2536 849 2581 non
872 2516 994 2599 quidem
1016 2500 1211 2598 procuretis
1232 2515 1332 2580 solum
1355 2514 1401 2578 di-

257 2619 389 2700 ligendo,
405 2619 460 2684 sed
473 2600 555 2683 inter
569 2624 694 2684 cunctos
707 2619 755 2702 (8)
767 2638 904 2685 amorem
914 2619 1095 2685 familiarem
1105 2618 1322 2701 inpendendo?
1332 2617 1401 2683 Hoc

199 2778 201 2782 .
258 2727 306 2789 est
326 2742 383 2805 pro
406 2726 490 2787 certo
513 2723 595 2803 quod
617 2739 668 2785 me
689 2723 784 2801 angit·
796 2721 892 2804 ac(9)
905 2723 1057 2805 sollicitat,
1074 2725 1288 2805 quiatotsunt
1308 2722 1402 2786 corda

258 2831 291 2893 te
312 2827 528 2892 ardentissima
550 2826 678 2889 caritate
693 2826 841 2905 amancio,
865 2844 924 2906 que
938 2845 988 2890 me
1004 2827 1036 2890 in
1052 2845 1157 2916 amore
1171 2832 1204 2892 ct
1217 2827 1301 2891 omni
1316 2844 1401 2889 amo-

257 2948 331 2995 rosa
353 2929 540 2994 exhibicione
561 2927 756 2991 antecedunt.
797 2927 868 2992 Heu
888 2928 965 3009 heu,
984 2930 1069 3011 ‘quid
1090 2949 1163 3012 ergo
1189 2932 1248 2994 erit
1269 2930 1309 2994 de
1330 2929 1402 2992 mel

259 3033 366 3097 Timeo
388 3032 470 3096 enim
490 3031 704 3110 vehementer,
735 3049 804 3096 cum
831 3033 914 3097 inter
934 3030 1011 3119 lylia'
1027 3033 1168 3115 lyliorum
1189 3038 1310 3115 amator
1330 3050 1402 3114 pas-

205 3126 207 3131 ’
260 3135 486 3219 ceris(10),'·0
508 3153 558 3199 me
580 3135 742 3215 miserum,
770 3140 802 3200 et
823 3129 1028 3209 redolenciam
1050 3152 1157 3202 eorum
1179 3137 1333 3217 odoraris,
1362 3155 1402 3200 ne

258 3239 339 3321 forte
361 3239 629 3322 cardoni(1l)vel
650 3239 748 3303 urtice
770 3240 966 3321 obliviscaris,
990 3247 1022 3305 et
1043 3242 1087 3306 sic
1109 3240 1402 3322 dampnumamoris

259 3344 306 3409 tui
326 3343 456 3408 aliorum
477 3361 515 3407 ex
536 3360 642 3407 amore
662 3343 841 3408 incurram·
860 3344 993 3425 ignosce
1016 3345 1042 3410 Ο
1065 3346 1175 3409 dilecte
1198 3345 1280 3426 quod
1303 3344 1347 3408 sic
1356 3343 1402 3408 lo-

259 3439 366 3539 quor.'
387 3447 456 3512 Hoc
484 3447 566 3511 enim
587 3447 727 3532 ut·nosti
748 3447 805 3512 sibi
826 3448 871 3512 ub
901 3449 1014 3515 intensi
1026 3434 1096 3531 (12)
1109 3449 1222 3513 amoris
1244 3448 1402 3526 vendicat,

257 3555 295 3617 ut
314 3551 415 3634 legem
436 3551 567 3616 verbis
558 3554 706 3632 inponere
727 3552 859 3631 nesciat,
885 3553 1065 3633 nullumque
1086 3554 1145 3616 nisi
1167 3552 1259 3616 dilect
1246 3556 1312 3634 tum
1334 3570 1404 3616 cum

259 3656 370 3722 dilecto
392 3660 576 3737 occupatum
598 3654 748 3719 advertat.
782 3653 882 3719 Valde
903 3655 930 3719 si
951 3655 1051 3720 audeo
1064 3655 1165 3720 dicere
1177 3674 1304 3737 sparsus
1319 3672 1404 3719 arna-

258 3766 309 3828 tor
330 3780 373 3826 es.
413 3754 463 3825 En
484 3761 655 3840 sexaginta
665 3746 884 3840 snutregine,
913 3762 948 3822 et
976 3740 1132 3840 octoginta
1162 3761 1343 3839 concubine,
1372 3763 1405 3823 et

258 3864 556 3931 adolescentularum
568 3858 637 3947 (13)
650 3883 712 3930 non
734 3867 782 3928 est
802 3880 958 3928 numerus
995 3861 1237 3946 verumptamen
1266 3882 1329 3927 una
1357 3868 1405 3928 est

325 4052 359 4119 (ll
382 4055 428 4114 BJ
440 4063 687 4133 quotcumque—
710 4051 742 4119 (2)
765 4057 896 4117 Flractis
907 4091 950 4100 —-
972 4054 1005 4122 (3)
1027 4057 1257 4118 Ladamandum
1271 4091 1315 4100 —-
1330 4053 1363 4120 (4)
1376 4060 1405 4115 in

174 4185 176 4189 -
261 4160 308 4202 om
331 4142 489 4207 ΒΗ-(ὃ)
504 4147 549 4201 ita
568 4142 640 4199 LM:
664 4146 751 4200 ceteri
772 4140 1406 4219 multasque—‘llllCEMadversa-adver-

261 4231 347 4288 saber
390 4227 752 4287 Daroma-adversabar
773 4261 816 4270 -
838 4226 872 4294 (7)
894 4230 1122 4289 Adilectam—
1144 4225 1177 4293 (8)
1201 4224 1407 4290 Gceter'os-

263 4308 296 4378 (9)
320 4314 422 4373 cGLP
435 4322 464 4373 et
483 4348 528 4357 —
549 4311 600 4379 (10)
625 4315 710 4374 Cant.
733 4318 761 4387 6,
782 4319 810 4373 2.
823 4349 868 4359 -
889 4313 940 4380 (ll)
964 4316 1080 4377 cardoni
1102 4323 1130 4374 ct
1151 4319 1240 4395 urtice
1261 4326 1332 4377 scat
1353 4336 1405 4376 ca-

262 4414 313 4456 sua
341 4401 441 4460 dorda
468 4401 640 4461 Ecardonis
683 4400 845 4461 bcardinis
888 4402 921 4460 M
936 4402 1042 4462 cardini
1085 4401 1219 4462 ABGHJ
1237 4404 1335 4463 cardui
1362 4436 1407 4446 -

262 4478 316 4545 (1²)
337 4484 531 4549 AFLincensi
552 4522 597 4533 —
617 4482 671 4554 (13)
693 4487 1043 4557 Daddolescentularumt
1066 4493 1107 4549 cic
1128 4496 1156 4548 ct
1176 4489 1309 4566 infatua.
