3232 5130
227 308 268 370 42

228 441 383 519 delictum,
406 445 438 504 et
459 440 564 520 gracia
585 439 859 523 superhabundare
881 442 1067 507 consuevit?
1086 443 1190 525 Jgitur
1210 444 1251 510 ad
1272 449 1372 527 tapa-

227 549 308 610 trem
323 542 371 626 (1)
383 543 663 609 misericordiarum
674 543 824 626 moligio,
839 546 1043 635 proteccionis
1053 550 1106 612 tue
1117 548 1252 628 graciam
1266 565 1371 629 quero.

227 649 363 730 Jnsuper
384 644 496 712 affectu
518 665 640 729 quoque
661 646 875 730 fervidissimq
898 650 1041 732 amplexu
1061 651 1254 732 precordiali,
1281 651 1307 716 0
1329 649 1372 715 fili

228 753 309 833 regis
332 752 439 831 atomi,
462 770 513 816 me
534 752 615 816 inter
637 757 762 817 extenta
775 752 822 835 (2)
835 757 867 818 et
887 753 971 818 nuda
994 754 1169 834 constringo
1180 754 1306 819 brachia
1318 759 1373 818 tua

228 855 384 936 sanguine
396 853 444 938 (3)
456 858 625 933 cruentata,
658 855 766 935 nolens
788 875 807 919 a
828 860 860 920 te
881 874 982 937 neque
1003 856 1090 921 vivus
1111 875 1212 938 neque
1233 863 1373 922 mortuus

229 976 376 1039 umquam
388 959 436 1042 (4)
448 959 595 1041 separari.
630 959 877 1036 QuamobremO
896 959 992 1024 dulcis
1015 965 1047 1023 et
1067 961 1118 1042 pie
1139 965 1230 1042 pater
1250 962 1374 1025 remitte

229 1061 336 1142 michi,
365 1061 501 1126 Remitte
530 1062 622 1127 michi
634 1063 682 1145 (5)
694 1068 822 1145 propter
850 1081 988 1129 amorem
1009 1063 1158 1144 unigeniti
1180 1065 1225 1128 tui
1246 1068 1374 1145 peccata

228 1183 314 1245 mea,
343 1166 452 1247 quibus
473 1167 552 1230 iram
573 1167 672 1231 merui
693 1172 725 1231 et
745 1167 861 1231 malum
883 1185 987 1237 coram
1009 1172 1040 1231 te
1062 1167 1136 1246 leci;
1167 1168 1240 1249 quia
1268 1173 1373 1232 tantm

230 1273 278 1363 est
298 1269 391 1334 michi
411 1289 468 1353 pro
489 1271 623 1352 peccatis
636 1270 683 1355 (6)
696 1271 800 1351 dolor,
830 1275 866 1336 ut
894 1271 1000 1353 pocius
1022 1271 1105 1336 mille
1126 1277 1242 1336 mortes
1263 1272 1374 1336 vellem

229 1374 396 1453 sustinere,
420 1392 513 1455 quam
533 1378 565 1439 te
585 1380 677 1456 pater
696 1375 832 1457 piissime
854 1374 893 1439 de
908 1379 1017 1462 'cetero
1040 1394 1186 1457 umquam
1208 1375 1373 1461 offendere.

231 1476 345 1575 Omnes
366 1466 499 1558 namque
522 1479 711 1543 calamitates
733 1497 810 1560 quas
831 1478 945 1560 pacior,
979 1498 1035 1543 seu
1057 1481 1153 1544 eclam
1175 1479 1312 1544 infernus
1325 1478 1373 1560 (7)

231 1583 325 1662 quem
345 1581 492 1660 demerui,
514 1586 569 1646 aut
583 1583 797 1673 purgatorium
810 1583 1003 1648 sevissimam
1016 1601 1079 1646 non
1092 1587 1215 1646 tanturn
1225 1582 1373 1664 pondero,

229 1703 288 1749 nec
307 1703 358 1751 me
379 1689 501 1750 tantum
524 1687 717 1764 contristant,
740 1670 819 1751 sieut
834 1684 950 1750 offensa
965 1689 1071 1766 quate
1087 1689 1257 1749 creatorem
1271 1702 1374 1748 meum

231 1787 353 1870 offendi,
376 1788 420 1854 Te
440 1786 567 1872 inquam
589 1810 607 1856 o
630 1791 787 1855 dominum
809 1808 912 1853 meum
935 1794 967 1853 et
989 1789 1080 1854 deum
1098 1807 1211 1867 meum,
1233 1787 1374 1868 redemp-

230 1897 330 1959 torem
351 1910 455 1957 meum
477 1898 509 1957 et
530 1893 654 1957 unicum
677 1874 855 1959 cordis'mei
868 1892 1031 1973 gaudium;
1055 1896 1086 1956 et
1103 1890 1185 1973 quod
1200 1895 1232 1955 te
1246 1891 1375 1955 contris·

230 1997 295 2062 tavi
315 1997 364 2061 vel
385 1997 520 2078 aliquam
541 1997 776 2062 irreverentiam
799 1996 930 2061 exhibui.
964 1995 1056 2060 Unde
1072 1999 1104 2059 et
1117 1995 1144 2059 si
1157 2013 1279 2076 possem
1293 2013 1375 2058 nunc

232 2119 338 2166 omnes
360 2101 441 2166 celos
461 2101 582 2183 replere
605 2101 786 2166 clamoribus
809 2099 1098 2178 irremediabilibus,
1116 2104 1148 2163 et
1168 2103 1288 2164 tantam
1312 2099 1374 2164 vim

232 2205 316 2271 cordi
326 2224 396 2271 meo
406 2204 527 2291 inferre,
540 2212 575 2270 ut
588 2206 671 2271 mille
684 2207 823 2272 scissuris
836 2204 884 2288 (8)
896 2203 1104 2286 frangeretur:
1119 2203 1179 2269 hoc
1188 2203 1280 2268 michi
1294 2208 1375 2268 asset

232 2311 366 2405 aptabile
387 2329 443 2392 pre
465 2311 605 2376 omnibus
626 2311 746 2376 solaciis
763 2329 829 2393 que
842 2309 935 2374 habui
948 2309 1088 2375 omnibus
1101 2308 1208 2373 diebus
1222 2309 1284 2372 vite
1296 2325 1374 2371 mee.

231 2414 274 2479 Et
296 2418 410 2496 quanto
432 2414 540 2483 micius
552 2433 672 2479 mecum
686 2415 798 2495 agitur,
813 2419 901 2478 tanto
916 2413 1047 2494 amplius
1061 2413 1242 2477 lacrimosus
1257 2412 1377 2475 animus

232 2517 387 2600 affligitur,
410 2537 447 2583 eo
469 2519 552 2600 quod
573 2523 638 2583 tam
659 2518 711 2598 pio
734 2518 832 2582 amico
854 2520 886 2579 et
906 2517 988 2597 patri
1004 2514 1180 2580 fidelissimo
1195 2520 1260 2578 tam
1274 2500 1377 2592 ingrass

232 2626 282 2687 tus
304 2621 357 2687 firi.
391 2621 453 2695 Sed
474 2639 555 2685 nunc
577 2608 612 2684 tu
634 2620 754 2697 doctrix
776 2612 1015 2699 discipline‘dei,
1040 2617 1066 2680 Ο
1090 2621 1197 2680 eterna
1213 2616 1376 2697 sapiencia,

233 2726 308 2790 doce
329 2744 379 2789 me
401 2725 543 2804 obsecro,
568 2723 699 2804 qualiter
720 2727 775 2786 tua
796 2723 942 2800 stigmata
963 2720 1138 2785 dulcissima
1161 2725 1192 2783 et
1212 2718 1378 2783 suavisima

231 2829 264 2892 in
287 2845 414 2908 corpore
426 2827 474 2910 (9)
485 2846 554 2892 meo
578 2826 723 2905 deferam,
747 2825 878 2907 qualiter
890 2825 957 2906 ipsa
968 2824 1081 2904 iugiter
1095 2825 1128 2887 in
1146 2822 1376 2905 memoria(10)

232 2931 365 2994 retinere
388 2931 525 3011 debean,
548 2935 583 2995 ut
598 2931 708 2995 saltem
722 2948 779 3012 per
792 2929 852 2994 hac
865 2928 1025 2994 ostendam
1041 2926 1183 3006 celigenis
1200 2929 1293 3006 atque
1306 2925 1376 3007 (11)

232 3034 411 3114 terrigena,
442 3051 534 3115 quam
564 3034 700 3115 graciam
720 3032 853 3098 referam
874 3051 931 3114 pra
954 3036 1019 3095 tam
1040 3029 1207 3101 innumeris
1229 3028 1316 3093 benis
1339 3047 1377 3092 ex

233 3138 541 3221 superhabundancia
569 3138 693 3219 pietatis
726 3143 780 3202 tue
815 3137 954 3218 largiter*
977 3135 1070 3198 michi
1099 3134 1215 3209 misero
1249 3131 1376 3196 collatis.

234 3241 468 3309 SAPIENCIA:
492 3241 638 3323 Teipsum
660 3246 692 3304 et
706 3241 808 3307 omnia
824 3246 879 3305 tua
892 3238 984 3303 michi
998 3237 1117 3316 offeras,
1132 3256 1189 3301 nec
1207 3236 1309 3300 oblata
1322 3236 1378 3299 ali·

235 3346 356 3430 quando
378 3363 534 3424 resumas;
557 3350 589 3409 et
610 3364 672 3410 non
694 3345 794 3410 solum
816 3342 1011 3424 asupertluis
1025 3342 1079 3406 sed
1094 3342 1190 3404 eciam
1202 3340 1272 3422 (12)
1283 3340 1377 3403 inter-

235 3452 309 3516 dum
330 3469 350 3514 a
370 3450 460 3515 licitis
483 3449 654 3515 abstineas:
678 3454 710 3512 et
732 3467 801 3512 ecce
823 3467 932 3512 manus
956 3444 1089 3511 confixas
1113 3445 1194 3510 cruci
1211 3460 1279 3507 mee
1294 3442 1377 3506 exhi-

233 3557 335 3633 buisti.
371 3554 459 3632 Quod
481 3555 596 3619 bonum
619 3559 666 3618 est
688 3554 780 3618 debes
793 3551 908 3629 lacere;
933 3555 964 3614 et
978 3550 1060 3613 mala
1072 3550 1158 3613 illata
1176 3548 1379 3630 equanimiter

234 3661 400 3759 sustinere3
413 3660 609 3741 animumque
619 3664 708 3722 tuum
719 3657 907 3734 mutabilem,
920 3673 956 3719 ac
966 3672 1089 3736 sparsas
1098 3653 1167 3736 (13)
1176 3651 1378 3732 cogitaciones

235 3766 328 3831 debes
352 3762 592 3845 mitigemur),
617 3767 649 3826 et
670 3762 848 3826 recollectas
870 3761 902 3824 in
924 3777 974 3822 me
996 3758 1216 3823 summobono
1238 3753 1376 3841 firmare:

235 3873 267 3933 et
287 3868 382 3950 pedes
404 3872 474 3931 tuos
497 3867 578 3931 cruci
599 3863 731 3953 affixisti.
762 3864 917 3928 Virtutem
929 3862 1023 3926 animi
1038 3865 1070 3924 et
1084 3859 1219 3941 corporis
1232 3876 1295 3922 non
1307 3874 1378 3937 per-

302 4022 335 4089 (ll
357 4025 563 4101 BDEMpater
582 4059 627 4068 —
649 4020 682 4088 (1)
706 4023 766 4082 ΑΜ
779 4029 896 4082 extensa
916 4055 961 4064 —
983 4016 1016 4082 (3)
1040 4019 1256 4092 Lsagwine—
1271 4010 1305 4077 (4)
1321 4012 1378 4070 DG

235 4131 393 4188 numquam
413 4145 458 4155 --
480 4109 660 4181 (⁵),1temitte
683 4111 768 4169 michi
791 4110 853 4169 add
874 4107 981 4166 CGHP
1002 4139 1045 4148 -
1068 4100 1102 4167 (6)
1125 4102 1280 4160 CMPadd
1308 4102 1378 4158 meis

235 4233 280 4243 —
302 4197 335 4264 (7)
357 4200 555 4273 Minle'rnum3
586 4217 657 4258 mcc
685 4197 864 4272 Epromerui
907 4193 1041 4255 Mmerui
1068 4224 1112 4233 —
1135 4184 1168 4252 (8)
1191 4187 1280 4262 Aper
1302 4186 1378 4243 mille

237 4289 428 4346 scissuras—
439 4279 473 4349 (9)
491 4285 568 4343 CDF
581 4285 666 4344 corde
676 4317 720 4328 ·-
731 4278 782 4346 (10)
798 4282 851 4341 ΑΕ
862 4285 889 4338 in
912 4279 1050 4337 memoria
1070 4279 1227 4352 iugiter—
1237 4267 1288 4336 (11)
1303 4271 1378 4330 BCl’

238 4381 331 4434 et-
353 4368 518 4436 (l2l'eciam
540 4389 588 4431 om
611 4371 667 4431 BH
695 4405 739 4414 —
761 4364 812 4432 (13)
834 4368 855 4428 J
866 4381 979 4442 sparsas
1008 4396 1052 4405 -
1074 4356 1125 4425 (14)
1148 4361 1201 4419 DP
1215 4358 1378 4434 recolligere
