3232 5130
1336 370 1376 430 33

233 507 410 573 desiderant
424 501 525 583 angeli
538 502 724 584 prospicere,
746 501 1031 583 iocundissimisque
1046 503 1203 568 obtutibus
1217 521 1288 568 suos
1302 522 1377 584 gau·

233 611 309 675 dent
330 607 436 673 oculos
457 603 807 688 defigere(1)ielicitate
829 604 997 670 indefessa:
1020 606 1088 687 quis
1111 606 1196 670 dabit
1209 605 1295 670 cordi
1307 625 1376 672 meo

234 717 299 777 tam
321 709 465 774 exindum
495 713 527 771 et
554 709 735 790 precipuum
764 709 973 790 conpassionis
1001 707 1162 789 affectum,
1191 714 1227 773 ut
1255 728 1312 774 sua
1340 729 1379 775 ex
1443 740 1447 747 ·

234 814 430 881 inmensitate
452 812 596 877 omnium·
611 811 758 892 singulari
776 831 884 891 ¹aurore
895 810 1095 893 flagrancium
1109 815 1239 879 motivas
1253 819 1380 895 superet

235 918 461 999 conpassiones
507 915 582 981 Osi
603 933 727 996 possem
750 915 884 978 omnium
914 916 1073 981 oculmum
1099 917 1209 983 uberes
1235 917 1379 984 lacrimas

235 1021 401 1099 effimdere,
425 1019 623 1099 omniumque
640 1018 821 1099 linguanrm
834 1020 964 1084 motivas
978 1023 1010 1083 et
1022 1017 1138 1085 flebiles
1151 1039 1241 1086 voces
1253 1021 1377 1102 habere,

234 1128 270 1189 ut
288 1123 423 1206 passioni
438 1128 491 1186 tue
503 1126 591 1186 tanto
605 1119 757 1186 efficacius
772 1122 898 1186 daretur
910 1122 1081 1203 rependere
1094 1123 1185 1188 vices.
1215 1122 1379 1188 SAPIEN-

236 1228 320 1294 ClA:
354 1227 453 1292 Nemo
475 1226 585 1290 melius
606 1225 743 1308 passioni
766 1244 836 1290 mee
848 1225 896 1308 (2)
907 1226 1050 1307 rependit
1077 1228 1177 1306 vices5
1205 1245 1298 1309 quam
1328 1227 1381 1310 qui

234 1351 298 1397 non
310 1330 358 1414 (3)
370 1331 470 1396 verbis
492 1330 601 1409 solum,
618 1329 681 1423 ,sed
703 1334 735 1393 et
756 1329 845 1394 iactis
867 1330 968 1412 ipsam
988 1330 1201 1411 prosequitur3
1232 1333 1284 1413 qui
1303 1332 1380 1413 stig-

234 1441 335 1514 mata',
370 1436 451 1499 idest
473 1434 571 1498 crucis
594 1452 689 1515 opera
710 1434 823 1513 iugiter
843 1434 877 1497 in
899 1444 955 1498 suo
976 1438 1082 1519 portat
1111 1452 1239 1515 corpore
1250 1434 1315 1518 (4),
1345 1453 1380 1499 se

235 1539 312 1603 meis
333 1537 490 1601 humiliter
512 1536 731 1602 conformando
753 1537 899 1617 vestigiis,
922 1555 1071 1618 prospera
1085 1537 1227 1602 videlicet
1248 1539 1379 1618 calcant,

235 1642 366 1707 adversa
387 1661 450 1706 non
471 1640 658 1719 formidans;
682 1642 735 1722 qui
756 1642 877 1705 ardenti
899 1660 1021 1722 semper
1039 1642 1245 1707 desiderioad
1259 1643 1380 1707 cumen

130 1773 134 1778 ·
236 1745 336 1810 tendit
347 1744 517 1831 spiritualis¹
528 1743 737 1826 perfeccionis
771 1745 848 1809 Dico
864 1745 919 1808 tibi
934 1745 1016 1826 quod
1038 1763 1095 1809 nec
1116 1748 1164 1809 tot
1184 1745 1380 1810 lacrimarum

236 1849 375 1932 ymbres,
407 1852 484 1930 quot
511 1867 662 1929 aquarum
691 1850 764 1936 sunt
791 1848 943 1928 grugites,
975 1866 1079 1927 coram
1105 1867 1157 1914 me
1185 1854 1288 1914 essent
1315 1854 1381 1915 tam

237 1951 458 2034 acceptabiles;
481 1952 620 2032 quamvis
643 1952 740 2030 eciam
761 1952 812 2033 pie
833 1952 959 2016 lacrima
981 1970 1018 2017 ex
1040 1951 1152 2016 affectu
1173 1953 1381 2034 conpassionis

237 2055 450 2136 procedentes,
473 2056 620 2134 amabiles
642 2059 674 2119 et
694 2060 784 2137 grate
806 2074 910 2120 coram
932 2055 990 2120 deo
1012 2056 1145 2121 existant
1156 2055 1215 2139 (5).
1258 2056 1382 2123 DISCI-

103 2172 106 2187 ¹
237 2156 387 2223 PULUS:
404 2158 452 2242 (6)
464 2159 685 2223 Amantissimo
695 2159 858 2247 sapiencia,
872 2158 986 2223 idcirco
1000 2159 1132 2240 qualiter
1142 2176 1192 2222 me
1202 2160 1258 2223 tibi
1267 2160 1299 2222 in
1309 2179 1380 2242 pre-

238 2261 326 2329 dictis
338 2263 532 2342 passionibus
544 2261 735 2327 confcrmare
746 2263 885 2342 debeam,
897 2262 987 2344 cupio
999 2262 1129 2327 edoceri.
1144 2251 1380 2327 SAPIENOIA:

237 2364 352 2430 Averte
374 2366 479 2431 oculos
499 2369 571 2430 tuos
593 2384 632 2430 ne
654 2367 779 2431 videant
799 2366 924 2445 nociva,
955 2384 1045 2431 aures
1074 2384 1114 2431 ne
1135 2366 1379 2447 audientiam,

236 2472 267 2533 et
288 2489 345 2550 pro
362 2469 499 2535 dulcibus
517 2488 604 2535 sume
619 2488 726 2534 amara
738 2470 796 2553 (7).
820 2468 964 2559 Corporis
983 2469 1033 2533 'tui
1047 2467 1223 2550 superfluas
1246 2474 1277 2534 et
1297 2470 1381 2536 inor-

236 2571 356 2637 dinatas
378 2590 486 2637 amove
498 2572 547 2656 (8)
560 2572 700 2653 delicias3
734 2574 835 2657 cordis
856 2574 903 2638 tui
923 2558 1033 2655 pacem
1054 2578 1086 2639 et
1107 2573 1243 2655 quietem
1270 2574 1303 2638 in
1329 2592 1381 2647 me

235 2675 300 2740 solo
313 2675 361 2759 (9)
373 2677 524 2758 requiras.
558 2676 692 2745 Cunctas
705 2678 922 2744 tribulaciones
936 2668 1109 2759 gaudenter
1129 2677 1276 2762 recipiam
1298 2676 1381 2743 mala

233 2779 321 2844 illata
340 2780 499 2861 pacienter
521 2781 683 2860 sustineas,
706 2786 738 2845 et
760 2782 952 2864 despicabilis
964 2773 1033 2865 (ld)
1046 2781 1084 2845 ab
1114 2781 1254 2859 omnibus
1282 2780 1381 2846 videri

235 2885 442 2965 concupiscas.
475 2884 568 2949 Disce
581 2885 758 2950 voluntates
772 2890 842 2950 tuas
863 2885 1057 2950 inomnibus
1079 2883 1231 2965 frangere,
1254 2889 1286 2948 et
1308 2903 1380 2949 con-

234 2988 441 3070 cupiscencias
460 2978 566 3063 'carnis
585 2991 639 3052 tue
662 2989 700 3053 ob
722 3007 859 3054 amorem
881 2989 1042 3054 salvatoris
1074 3008 1131 3070 pro
1159 2992 1192 3053 te
1219 2989 1379 3055 morientis

233 3090 346 3170 iugiter
366 3090 561 3156 mortificare.
608 3091 675 3157 Hec
696 3097 770 3157 sunt
790 3091 833 3157 fili
854 3112 921 3175 my,
951 3093 1008 3158 hec
1029 3095 1103 3157 sunt
1129 3093 1255 3174 inquam
1278 3094 1379 3174 prima

234 3192 400 3275 principia,
434 3213 495 3277 que
516 3196 572 3260 tibi
593 3197 766 3278 ceterisque
787 3196 976 3261 amatoribus
998 3197 1061 3262 suis
1082 3196 1259 3280 tradit(ll)
1271 3200 1380 3263 eterna

234 3296 404 3377 sapiencia,
441 3315 501 3380 que
522 3299 555 3363 in
576 3298 654 3365 libro
676 3300 734 3387 boc
747 3299 816 3383 (12)
828 3305 953 3381 aperto,
987 3300 1129 3366 videlicet
1150 3318 1279 3381 corpore
1306 3318 1377 3366 meo

234 3398 387 3480 crucifixo,
410 3402 489 3467 sicut
509 3404 595 3469 vides
607 3409 681 3471 sunt
698 3408 848 3490 errrarata.¹
871 3402 1132 3469 DISCIPULUS:
1156 3403 1233 3467 Tam
1254 3405 1379 3495 copiosa

235 3506 268 3565 et
287 3503 426 3570 inmensa
448 3507 741 3590 estredempcionis
759 3514 813 3573 tue
824 3506 966 3585 fidelitas,
990 3511 1022 3597 et
1033 3510 1213 3570 cunctorum
1226 3506 1376 3573 excedens

233 3605 357 3687 ingenia
377 3609 563 3691 mortalium,
585 3615 621 3675 ut
643 3613 740 3678 eciam
752 3609 931 3694 postpositis
946 3609 1086 3674 omnibus
1100 3609 1211 3674 ceteris
1222 3608 1376 3677 beneficiis

233 3710 461 3792 mrdtiplicibus,
483 3713 549 3778 sola
570 3715 721 3797 passionis
743 3733 781 3779 ex
802 3729 907 3777 amore
924 3712 1276 3795 procedentis(13)tam
1288 3712 1376 3796 larga

232 3814 413 3880 inmensitas
434 3820 466 3880 et
486 3821 552 3881 tam
573 3819 626 3900 pia
645 3817 787 3897 fidelitas,
810 3817 932 3882 sibimet
952 3820 1053 3881 totum
1073 3816 1140 3881 inre
1160 3817 1263 3898 rapiat
1283 3817 1375 3884 dilec·

234 3918 329 3985 donis
346 3917 499 3985 affectum.
533 3919 596 3985 Sed
608 3939 689 3985 nunc
704 3921 731 3986 O
746 3925 854 3987 eterna
870 3921 1034 4002 sapiencia,
1056 3921 1160 3985 anima
1172 3938 1243 3987 mea
1262 3921 1374 3991 iterato

299 4073 333 4143 (1)
357 4078 537 4156 Gdelingere
558 4109 603 4121 --
624 4074 658 4142 (2)
680 4079 767 4139 DLM
781 4082 907 4157 passioni
935 4098 999 4141 mae
1028 4080 1128 4140 melius
1148 4113 1193 4127 --
1214 4075 1249 4145 (3)
1272 4081 1377 4144 dade

233 4164 262 4220 iu
282 4197 328 4209 -
348 4161 383 4228 (4)
406 4165 543 4243 Dportat
564 4167 592 4223 in
614 4182 667 4224 suo
690 4168 786 4228 corde.
811 4165 910 4228 Galat.
933 4170 966 4242 6,
994 4169 1037 4227 17.
1063 4195 1108 4213 κ-
1129 4162 1163 4231 (5)
1187 4167 1235 4227 cP
1251 4171 1376 4235 exicium

233 4280 277 4294 -·
298 4245 333 4314 (6)
354 4251 405 4310 EF
417 4253 479 4312 add
499 4250 525 4311 0
550 4283 595 4297 -
617 4247 651 4316 (7)
674 4252 721 4312 ΟΡ
733 4271 832 4313 amara
860 4271 941 4314 sume
968 4281 1013 4301 -
1035 4247 1069 4318 (8)
1091 4252 1228 4314 ACDEG
1242 4272 1381 4318 ammove

233 4367 277 4383 -
298 4332 333 4402 (⁹)
355 4336 460 4400 Ascla
488 4370 534 4383 -
560 4331 613 4403 (¹⁰)
635 4338 683 4398 GP
699 4339 901 4417 despectabilis
928 4373 972 4385 -
996 4334 1048 4403 (11)
1070 4339 1174 4399 ΑΒΟΡ
1188 4341 1304 4403 tradidit
1329 4375 1374 4389 -—

233 4413 287 4485 (¹²)
309 4423 425 4485 CPboc
446 4424 518 4486 libro
539 4456 584 4471 -
604 4420 658 4489 (13)
680 4425 737 4486 LM
749 4425 910 4503 procedens
