3232 5130
1306 361 1367 424 129

233 493 423 577 redempcio,
454 499 486 559 et
514 495 597 576 quod
625 493 750 559 minima
777 500 867 576 gutta
887 493 1105 577 preciosissimi
1125 493 1313 577 sanguinis(
1334 492 1366 577 ),

234 598 288 681 qni
306 610 364 680 per
385 602 491 663 omncs
511 598 773 683 partes‘corporis
794 599 856 663 mei
874 597 1050 663 vulneribus
1063 597 1173 680 repleti
1185 596 1371 680 (2)largiter

235 701 368 782 effluxit,
390 720 447 784 pro
469 701 737 784 redempcioneet
757 701 968 768 satisfaccione
989 703 1088 767 tocius
1108 701 1216 766 mundi
1236 700 1372 769 suffecis-

234 811 299 885 set;
320 791 377 872 sod
399 805 520 888 copiose
541 806 642 888 ipsum
667 803 823 871 effumdere
852 806 936 870 volui
963 806 996 870 in
1024 810 1240 887 argumentum
1268 805 1373 887 magni

236 911 349 976 umoris
372 907 736 992 etsupereffiuantissime
756 902 891 991 pietatis,
913 910 945 974 in
967 910 1104 975 solamen
1125 911 1261 976 omnium
1281 911 1373 976 mise·

235 1033 350 1084 rorum.
384 998 521 1079 Tandem
542 1013 635 1079 debes
657 1012 765 1077 humili
779 1012 904 1095 quidem
916 1011 964 1096 (3)
975 1013 1031 1078 sed
1048 1012 1166 1078 fervido
1181 1012 1293 1079 affectu
1306 1033 1373 1078 ma-

235 1136 311 1183 num
331 1102 519 1183 astuliatoris
541 1134 679 1199 querere,
703 1120 736 1183 ct
757 1116 1032 1182 misericordissimi
1056 1117 1261 1199 redemptoris
1282 1117 1374 1182 meri-

129 1266 139 1277 ,
236 1227 303 1287 tum
323 1219 476 1287 infinitum
496 1222 530 1286 in
550 1221 719 1287 subsidium
740 1221 907 1303 postulare,
929 1221 1024 1286 nichil
1043 1210 1191 1302 hesitans,
1214 1223 1375 1304 quia-pro·

236 1327 306 1392 nior
327 1330 375 1391 est
395 1323 464 1391 fons
484 1325 536 1390 ille
556 1326 681 1415 pietatis
709 1325 951 1396 miscricordiam
977 1326 1092 1407 iugiter
1119 1327 1306 1406 scaturiens,
1335 1325 1375 1389 ad

237 1430 445 1497 miserendum
457 1429 515 1513 (4),
539 1437 632 1511 quain
653 1433 688 1494 tu
710 1430 751 1494 ad
770 1430 947 1512 petendum.
980 1429 1241 1496 DISCIPULUS:
1265 1430 1376 1496 Ouer-

237 1536 311 1601 bum
332 1535 505 1616 graciosum
528 1522 559 1598 et
579 1535 760 1616 precipuum
781 1534 873 1599 michi
886 1535 1022 1616 meisque
1033 1535 1081 1619 (t)
1092 1536 1240 1602 similibus
1257 1535 1376 1600 miseris

237 1637 447 1722 peccatoribus
469 1656 589 1702 summa
611 1657 680 1702 cum
702 1638 893 1704 exultacione
914 1639 1157 1720 suscipiendum,
1181 1658 1217 1705 eo
1240 1639 1322 1721 quod
1343 1637 1377 1702 in

237 1747 293 1809 tua
312 1743 456 1825 passione
477 1740 622 1825 sic(6)in
642 1747 789 1825 promptu
809 1743 980 1808 invenimus
1008 1743 1091 1808 unde
1119 1747 1254 1825 peccata·
1267 1761 1377 1825 possu-

237 1864 306 1911 mus
318 1845 365 1930 (7)
377 1846 516 1926 abluere,
539 1863 635 1928 penas
658 1846 778 1926 delere,
801 1847 937 1928 peciam
958 1846 1111 1927 invenire,
1142 1851 1174 1911 et
1185 1846 1233 1931 (8)
1245 1846 1376 1928 gloriam

237 1951 407 2033 promereri
427 1949 655 2032 sempiternam.
690 1949 716 2014 Ο
739 1951 807 2031 quis
828 1951 922 2015 michi
943 1951 996 2016 det
1016 1950 1066 2015 vel
1079 1951 1236 2015 minimam
1257 1955 1378 2031 guttam

239 2054 280 2120 ad
299 2055 397 2120 instar
417 2046 524 2136 puncti
544 2054 697 2119 modicam
717 2052 808 2119 huius
830 2059 895 2118 tam
916 2054 1133 2135 preciosissimi
1153 2055 1296 2135 liquoris,
1325 2074 1378 2118 ru-

238 2158 363 2224 bicundi
393 2156 557 2237 sanguinis
586 2141 878 2236 agni-inmaculati,
909 2157 943 2221 in
970 2156 1148 2221 lavachrum
1159 2156 1207 2240 (9)
1218 2157 1380 2221 vulnerum

241 2280 389 2327 meorum.
422 2260 490 2340 Age
510 2277 593 2323 nunc
613 2263 681 2324 tota
701 2259 799 2323 virtus
826 2278 911 2339 mea,
941 2261 968 2324 si
998 2259 1150 2341 quomodo
1179 2261 1295 2341 possim
1320 2260 1380 2326 hoc
1477 2295 1481 2303 =

162 2396 164 2401 ·
243 2365 379 2430 salutare
399 2363 657 2428 medicamentum
677 2363 711 2427 in
732 2363 901 2428 remedium
922 2363 1063 2445 optinere
1083 2367 1279 2444 peccatorum
1296 2382 1381 2429 meo·

243 2486 322 2532 rum.
356 2465 382 2530 Ο
404 2470 494 2547 gutta
514 2465 620 2531 rorida
641 2466 680 2530 de
701 2465 827 2530 minima
847 2466 961 2551 pedica,
978 2466 1094 2531 domini
1114 2466 1176 2531 mei
1189 2484 1327 2548 egressa,
1351 2469 1378 2534 Ο

244 2571 431 2637 stillicidium
451 2589 575 2636 roseum
605 2569 643 2639 de
672 2569 743 2634 aula
771 2570 883 2651 regali,
913 2567 1062 2634 foramine
1091 2570 1206 2634 scilicet
1232 2574 1381 2653 pectorali

244 2675 397 2757 effluxum,
420 2675 469 2740 vel
490 2675 600 2740 saltem
622 2674 661 2738 de
682 2673 809 2742 minima
821 2677 975 2755 punctura
992 2674 1128 2756 corporis
1142 2675 1265 2740 delicati
1278 2695 1381 2758 egres·

149 2778 151 2782 ’
243 2800 322 2862 sum,
344 2798 421 2847 sana
441 2782 473 2844 et
485 2779 640 2860 reintegra
652 2777 722 2862 (10)
733 2782 930 2861 peccatorum
943 2796 1083 2844 meorum
1100 2779 1236 2844 vulnera.
1266 2780 1381 2848 Ocrux

244 2904 301 2951 ave
321 2903 391 2968 spes
413 2885 519 2963 unica,
548 2882 703 2965 sanguine
715 2882 785 2967 (ll)
798 2882 928 2947 delicato
950 2881 1091 2973 perfusa,
1114 2902 1193 2965 auge
1213 2885 1272 2967 piis
1293 2886 1381 2953 insti-

245 2991 323 3056 ciam
340 2990 465 3070 reisque
487 2988 568 3053 dona
589 2987 719 3053 veniam.
754 2986 780 3052 Ο
802 2987 1085 3053 misericordissima
1106 2989 1331 3070 sapienciahiis
1348 2996 1381 3057 te

245 3094 346 3159 verbis
368 3093 576 3158 consolatoriis
599 3109 659 3157 ore·
674 3089 818 3156 mellifluo
840 3096 1062 3174 prosequente,
1091 3094 1210 3174 questio
1231 3112 1294 3160 non
1314 3113 1381 3162 mo-

247 3196 322 3262 dica
335 3195 471 3261 animum
491 3213 594 3260 meum
614 3195 733 3277 pulsat;
756 3214 848 3277 quam
869 3200 905 3261 ut
926 3196 1027 3260 solvas
1049 3194 1176 3287 affectus
1187 3199 1256 3280 pius
1270 3182 1381 3265 devote

247 3300 429 3382 expostulat.
469 3298 581 3363 Dixisti
610 3299 691 3363 enim
720 3299 802 3380 quod
830 3317 887 3381 per
908 3303 994 3362 tuam
1014 3300 1188 3381 passionem
1211 3300 1381 3369 satisfaocio

246 3402 399 3469 sufficiens
428 3406 460 3467 et
491 3403 765 3483 superhabundans
796 3402 932 3467 humano
964 3403 1070 3484 generi
1102 3403 1214 3479 collata
1242 3408 1290 3469 est
1301 3403 1381 3487 (12).

135 3558 136 3562 ,
248 3507 338 3586 Quod
358 3492 385 3571 si
405 3507 449 3569 ita
470 3510 528 3588 est,
551 3524 645 3589 quare
666 3508 760 3588 igitur
777 3525 858 3589 pena
872 3504 1077 3570 satisfactoria
1090 3507 1268 3587 iniungitur,
1291 3511 1323 3570 et
1335 3524 1384 3571 sc·

249 3610 382 3676 cundum
403 3610 584 3692 qualitatem
604 3612 692 3694 culpe
714 3612 845 3692 exigitur
868 3609 999 3690 qualitas
1016 3609 1118 3691 pene?
1149 3609 1383 3675 SAPOENOIA:

248 3715 298 3781 Ad
319 3714 379 3780 hoc
400 3715 482 3797 quod
503 3716 595 3781 homo
618 3719 823 3796 consequatur
844 3712 986 3805 effectum
1007 3713 1158 3796 passionis
1170 3713 1271 3795 huius,
1294 3734 1384 3798 opor-

248 3824 295 3886 tet
315 3820 417 3902 ipsum
438 3820 467 3884 ei
487 3813 762 3904 configurari(l3).
802 3816 1018 3900 uonfigmatur
1046 3822 1149 3884 autem
1179 3819 1207 3884 ei
1231 3838 1288 3902 per
1308 3817 1384 3917 bap·
1472 3840 1475 3847 ·

315 4008 349 4077 (1)
371 4014 553 4091 Lsagwinis:
574 4017 619 4072 ilo
641 4020 669 4072 et
689 4014 821 4089 inferius.
853 4048 897 4058 —
918 4007 952 4078 (ῗ)
975 4014 1027 4073 cl)
1039 4014 1152 4090 repletis
1165 4048 1212 4079 ,-
1234 4009 1268 4076 (3)
1291 4013 1388 4072 Cadd

250 4105 335 4167 corde
356 4135 400 4144 -
422 4096 456 4166 (4)
477 4099 523 4160 EJ
534 4098 725 4159 miserandum
745 4133 789 4143 -
811 4097 845 4164 (5)
867 4101 892 4159 L
905 4102 1018 4183 meique
1031 4125 1075 4143 -
1096 4095 1130 4163 (6)
1154 4101 1231 4166 CHP
1242 4102 1315 4160 sicut
1359 4098 1387 4181 G

250 4192 343 4268 sicud3
365 4206 437 4248 moa
459 4187 649 4263 CPprompto
692 4186 838 4262 Lpromto
865 4221 911 4230 -
932 4183 966 4251 (7)
987 4185 1287 4264 BEFHLpossimus3
1317 4204 1387 4248 onoc

250 4279 393 4345 Ldilnera
403 4309 447 4319 -
470 4269 504 4339 (8)
527 4279 556 4332 et
577 4290 625 4332 om
645 4272 726 4333 Bur
736 4307 781 4317 -
802 4270 836 4339 (9)
858 4278 902 4333 ila
923 4272 1037 4338 ABDG
1048 4307 1092 4316 —
1113 4269 1164 4335 (¹0)
1185 4273 1213 4333 A
1226 4275 1386 4354 redintegra

252 4398 294 4409 -
316 4359 369 4429 (11)
389 4362 550 4438 Lsagwine
572 4355 688 4425 -(12)
710 4360 731 4421 J
741 4363 777 4420 sit
797 4394 841 4405 -
863 4356 914 4425 (13)
937 4359 1019 4420 GGH
1030 4359 1206 4437 configurare

1098 4499 1120 4571 9
