3232 5130
1356 398 1396 458 37

254 535 287 594 et
307 547 401 595 sanus
422 528 593 610 languidus
615 527 696 593 fiam.
730 521 792 594 Sed
813 528 871 594 bec
893 529 996 593 omnia
1016 529 1126 594 leviter
1135 531 1316 595 dissimilare
1326 550 1398 613 pos·

254 652 319 699 sem
341 633 463 698 adhoc
484 633 600 712 solum,
635 633 717 714 quod
746 637 833 697 tuam
862 632 1025 697 amabilem
1055 638 1086 698 et
1106 639 1269 715 paternam
1289 634 1399 714 faciem

254 736 385 815 offendi,
419 740 451 800 et
472 740 504 799 te
526 735 671 800 dilectum
694 736 888 800 contristavi:
923 735 981 799 hoc
1009 736 1102 800 miehi
1122 737 1259 802 infernus
1280 742 1343 818 est,
1367 743 1399 804 et

255 841 343 906 dolor
363 858 457 922 super
478 859 601 905 omnem
623 840 771 904 dolorem.
806 840 832 905 0
855 858 907 922 my
929 840 1035 919 dulcis
1057 845 1161 906 mente
1183 840 1305 921 deficio,
1329 860 1398 907 cum

253 945 356 1010 recolo
378 948 494 1026 quanto
514 962 567 1007 me
587 943 716 1009 caritate
739 947 770 1006 et
792 943 957 1007 dileccione
978 962 1172 1025 preveneras‚
1196 964 1264 1010 cum
1282 951 1399 1027 quanta

255 1049 415 1113 dulcedine
437 1049 645 1124 ammonebas‚
668 1051 700 1110 et
723 1065 815 1127 quam
837 1047 1038 1111 amicabiliter
1059 1066 1109 1111 me
1131 1048 1173 1112 ad
1193 1053 1225 1112 te
1243 1050 1398 1130 quondam

253 1152 409 1217 trahebas.
452 1151 504 1215 Me
525 1142 639 1233 premit
650 1150 765 1229 dolor,
800 1168 836 1214 eo
860 1151 942 1230 quod
960 1151 1021 1216 biis
1047 1151 1187 1216 omnibus
1200 1152 1398 1235 (l)ingr'atus

254 1255 314 1335 fui,
345 1256 428 1336 quod
449 1259 538 1319 tanta
558 1257 640 1319 bona
661 1259 726 1317 tam
748 1254 903 1319 modicum
925 1255 1043 1333 curavi,
1077 1259 1199 1319 tantum
1219 1255 1399 1320 thesaurum

254 1364 319 1423 tam
340 1359 450 1423 leviter
471 1360 577 1423 abieci.
612 1358 638 1422 Ο
661 1357 769 1422 mortis
791 1357 919 1423 infelicis
942 1363 1050 1440 optata
1070 1360 1239 1439 presencia,
1263 1360 1304 1423 ad
1325 1359 1399 1440 quid

254 1465 396 1528 retardas
409 1463 480 1545 (2))
519 1461 582 1526 Cur
609 1480 659 1525 me
687 1480 750 1525 non
779 1461 885 1526 tollis?
925 1461 1074 1526 Ocordis
1102 1462 1228 1527 humani
1248 1462 1404 1529 fortitudo.

255 1567 423 1647 prevalida,
447 1568 520 1647 quia
541 1571 630 1629 tanta
651 1565 801 1646 paciendo
823 1584 886 1629 non
908 1564 1025 1629 deficio.
1061 1566 1086 1630 0
1111 1567 1210 1633 cordis
1232 1567 1294 1631 mei
1315 1567 1399 1630 duri-

255 1671 302 1733 cia
322 1668 432 1748 ferrea‚
456 1687 552 1751 quare
574 1669 667 1736 nimio
691 1669 797 1732 dolore
818 1687 943 1749 premor
965 1673 997 1732 et
1017 1669 1273 1750 nondimmpor?
1295 1669 1398 1734 Obau-

256 1773 320 1837 dite
340 1791 391 1837 me
412 1773 508 1837 divini
529 1770 620 1837 flores
634 1773 692 1854 (3),
717 1775 749 1835 et
771 1770 932 1836 condolete
954 1790 1060 1864 omnes
1082 1773 1126 1853 pii
1144 1777 1307 1837 amatores.
1330 1773 1398 1853 Ego
1464 1782 1470 1792 ¹

254 1877 307 1940 illa
318 1876 366 1961 (4)
375 1876 536 1958 quondam
554 1876 680 1954 dilecta,
704 1875 827 1939 nomine
843 1876 1096 1951 excellentissimo
1109 1877 1272 1955 decorata.
1285 1895 1399 1957 sponsa

255 1981 366 2045 summi
384 1981 469 2062 regis
492 1981 648 2062 appellata
668 1979 722 2043 fri.
757 1965 1200 2062 Olyvamuber'em-pulchram
1209 1979 1399 2045 fructiferam

255 2083 425 2164 speciosam
445 2087 611 2149 vocaverat
633 2083 774 2148 dominus
796 2102 909 2148 numen
931 2101 1052 2151 meum..
1077 2083 1148 2147 Heu
1169 2083 1397 2164 meinfelicem,

256 2187 329 2266 quia
360 2206 442 2252 nunc
462 2206 526 2252 non
548 2205 618 2252 sum
640 2187 734 2267 digna
754 2188 859 2252 vocari
879 2188 975 2268 ipsius
996 2186 1128 2265 focaria,
1160 2187 1276 2251 lotricis
1298 2185 1397 2252 officio

256 2278 444 2371 deputanda.
486 2291 704 2356 Ouilosmeos
718 2304 783 2371 'pre
805 2289 917 2355 rubore
939 2294 971 2354 et
991 2290 1176 2354 verecundia
1203 2307 1399 2371 nequaquam

257 2393 296 2457 de
318 2398 421 2459 cetero
444 2396 544 2460 audeo
565 2395 678 2473 levare,
701 2395 757 2458 sed
778 2411 879 2475 neque
901 2413 935 2458 os
957 2412 1061 2463 meum
1078 2394 1213 2477 amplius
1235 2394 1398 2475 adipsum
1496 2428 1499 2434 ·

255 2499 385 2580 aperire.
425 2498 454 2563 Ο
467 2498 582 2563 'cordis
611 2492 762 2578 angrustie.
802 2497 953 2578 Angustie
981 2515 1115 2588 namque
1144 2497 1237 2562 michi
1264 2502 1337 2563 sunt
1348 2496 1396 2581 (5)

255 2603 408 2684 undique3
432 2601 548 2683 etquid
570 2602 681 2683 eligam
703 2603 821 2682 ignoro.
855 2602 1010 2666 Dilectum
1033 2602 1114 2666 enim
1136 2602 1328 2683 absque'spe
1348 2621 1398 2666 re·

255 2706 423 2788 cuperandi
443 2706 625 2787 perdidisse,
649 2690 772 2786 gravius
796 2710 843 2771 est
866 2706 949 2770 omni
970 2709 1087 2784 morte3
1109 2706 1211 2787 ipsum
1232 2724 1305 2770 vero
1319 2700 1403 2770 si'ci'ut

254 2811 340 2891 prius
363 2810 512 2874 rehabere
534 2809 618 2891 apud
640 2806 847 2875 tristissimam
862 2811 997 2874 animam
1013 2827 1115 2873 meam
1131 2809 1397 2891 iudicaturinpos·

254 2914 350 2979 sibile.
384 2913 434 2977 En
457 2913 611 2994 quomodo
633 2913 770 2995 undique
791 2900 914 2979 coartor
925 2913 973 2997 (6)
984 2915 1017 2977 in
1038 2913 1136 2978 tocius
1159 2913 1266 2978 mundi
1292 2914 1398 2978 latitu-

254 3017 326 3081 dine
347 3017 497 3098 spaciosa.
527 3016 631 3098 Atque
653 3017 773 3081 utinam
793 3018 826 3082 in
838 3017 1014 3102 ⁴solitudine
1028 3017 1203 3082 vastissimo
1213 3035 1322 3097 essem,
1344 3017 1398 3083 ubi

254 3120 360 3184 oculus
382 3120 535 3186 humanus
556 3124 607 3185 me
629 3139 692 3186 non
713 3121 849 3202 videret,
883 3140 984 3204 neque
1011 3122 1095 3189 auris
1117 3122 1254 3201 audiret,
1283 3126 1319 3185 ut
1346 3138 1397 3186 me

253 3222 379 3288 liberius
401 3224 586 3290 clamoribus
608 3242 645 3291 ac
665 3223 787 3290 fletibus
809 3226 926 3291 saciare
947 3238 1088 3307 possem3
1112 3225 1185 3306 quia
1198 3225 1281 3308 boe(
1303 3222 1396 3306 lfinis

255 3327 476 3398 consolacionis
498 3346 566 3392 mee
589 3329 702 3394 existit.
748 3329 775 3395 Ο
797 3333 974 3417 peccatum,
1009 3328 1083 3410 quid
1103 3328 1196 3394 michi
1217 3327 1398 3397 contulisti?

255 3430 282 3495 Ο
303 3429 408 3494 infelix
430 3432 520 3513 eulpa
542 3436 574 3496 et
586 3433 742 3498 laboriosa
754 3434 907 3516 voluptas,
930 3432 971 3497 ad
985 3426 1267 3514 qualem‘miserum
1279 3435 1396 3494 statum

254 3553 304 3599 me
317 3532 365 3617 (8)
377 3535 572 3615 perduxisti?
587 3537 632 3602 ΔΟ
653 3537 787 3602 mundus
808 3537 990 3615 inmundus,
1020 3535 1204 3616 decepciune
1224 3537 1257 3597 et
1277 3532 1397 3596 fallacia

255 3656 292 3703 ec
312 3639 463 3718 vertigine
475 3640 523 3722 (9)
534 3641 654 3722 plenus.
688 3640 735 3706 Ve
757 3641 786 3705 ei
808 3641 860 3722 qui
882 3640 938 3704 tibi
958 3638 1125 3702 famulatur
1137 3634 1169 3701 et
1178 3636 1329 3701 voluntati
1342 3640 1397 3702 tue

255 3760 289 3807 se
310 3743 431 3807 suum.
465 3743 492 3808 o
514 3746 638 3826 quantis
659 3745 710 3810 mc
730 3726 981 3809 monacensis
1003 3747 1035 3807 et
1056 3741 1186 3807 miserus
1208 3741 1396 3821 angustiabi-

253 3850 314 3910 tur.
359 3846 441 3910 Nam
463 3851 495 3911 et
510 3848 579 3930 (10)
590 3849 617 3913 si
639 3849 774 3914 exterius
795 3846 1016 3932 blandire(ll)
1028 3846 1177 3925 videam,
1199 3845 1326 3910 interius
1347 3850 1396 3909 ta-

321 4017 355 4084 (Ῑ)
368 4023 446 4082 CHP
462 4025 594 4082 omnibus
616 4021 953 4091 (ἰὴ-(1131111111.
976 4025 1064 4085 Eccb'.
1075 4027 1119 4096 51,
1140 4026 1189 4085 32.
1200 4055 1244 4066 -
1261 4017 1295 4086 (3)
1308 4022 1395 4081 Eccli.

255 4112 305 4180 39,
327 4113 424 4169 17.-
446 4107 479 4175 (4)
492 4112 544 4169 DF
558 4110 652 4168 illi-
673 4107 707 4175 (5)
720 4114 744 4170 Β
758 4113 843 4172 michi
865 4130 990 4188 namque
1011 4118 1077 4171 sunt
1121 4109 1169 4169 GP
1183 4127 1308 4184 namque
1330 4116 1397 4168 suut

255 4195 341 4255 michi
378 4197 438 4255 Dll
452 4210 519 4256 sunt
539 4197 635 4258 miehi.
657 4199 750 4258 Daui.
761 4202 805 4272 13,
827 4203 928 4258 22η-
950 4195 984 4263 (6)
1007 4198 1035 4255 D
1051 4199 1184 4256 cohartor
1225 4195 1396 4255 Jcboertor

253 4317 299 4327 -
320 4278 353 4347 (l)
376 4284 460 4343 FLM
474 4286 521 4345 hic
541 4318 585 4328 —
607 4281 641 4348 (8)
664 4285 741 4344 ODP
756 4303 803 4346 me
824 4284 957 4346 miserum
979 4291 1086 4344 statum
1099 4318 1144 4329 -
1165 4278 1198 4348 (9)
1221 4282 1289 4342 libri
1302 4283 1397 4343 nostri

255 4378 285 4428 et
304 4369 481 4432 fallaciarum
503 4374 641 4450 vertigine
663 4406 707 4416 -
728 4367 780 4436 (10)
803 4368 832 4432 ε’(
853 4389 901 4432 om
923 4370 1060 4431 Acn-
1082 4366 1133 4434 (11)
1156 4368 1297 4431 ABDMP
1312 4371 1395 4432 blen-

255 4455 307 4514 diri
