3000 5196
175 348 236 414 102

213 517 442 586 Determinacio
464 515 658 601 quarundam
678 516 885 599 obiocn‘onum
907 534 967 600 quc
987 516 1019 582 in
1040 515 1276 600 precedentibus

74 641 77 646 '
624 626 698 688 sunt
718 622 859 687 obmisso.

526 795 715 881 aponum
737 794 960 862 duodecimum.

194 999 197 1008 ·
236 971 369 1039 Felicem
389 990 465 1038 sane
486 971 569 1038 hunc
589 971 691 1037 locum
705 969 863 1062 perhenne
874 970 923 1053 (1)
933 969 1132 1036 beatitudinis
1144 969 1233 1037 oculo
1254 990 1313 1055 pn-

171 1077 292 1143 n’ssime
313 1075 598 1159 contemplacionis,
625 1075 695 1141 ideo
723 1075 779 1140 tibi
799 1078 1004 1140 monstratum
1024 1075 1162 1155 noveris,
1191 1093 1254 1169 non
1276 1081 1313 1140 nt

171 1181 285 1248 ibidem
306 1201 363 1266 pro
385 1199 468 1248 nunc
488 1179 649 1261 remanere
671 1180 792 1258 debeas,
814 1179 869 1245 sed
889 1183 926 1244 ut
946 1179 1075 1244 inomni
1093 1170 1312 1246 colluctadone

172 1291 204 1351 et
225 1286 411 1352 adversitate
432 1286 511 1361 scias
533 1290 565 1351 te
586 1285 647 1351 huc
675 1288 869 1362 convertere,
900 1288 932 1348 et
959 1287 1069 1348 cuncta
1096 1282 1152 1349 ubi
1180 1282 1312 1349 adversa

171 1389 370 1456 almatius
391 1391 491 1474 possis
512 1391 674 1469 sustinere,
697 1395 729 1464 ct
750 1393 791 1454 ut
808 1384 978 1470 querulosis
995 1385 1310 1471 inpugnatoribus(2)

171 1493 359 1577 respondere
371 1494 474 1560 adeas
488 1493 674 1560 dicentibus:
697 1493 799 1572 Quare
809 1493 860 1558 via
869 1492 1022 1575 inpiorum
1032 1494 1232 1572 prosperatur
1239 1491 1312 1581 (3)⁴?

173 1601 206 1663 et
227 1615 282 1663 cur
303 1597 378 1664 deus
401 1598 433 1663 in
455 1583 514 1663 hoc
533 1597 649 1664 mundo
671 1598 772 1664 soleat
791 1616 863 1663 snos
878 1597 1028 1678 castigare
1042 1594 1178 1663 dflecos.
1209 1594 1310 1660 Jtem-

172 1718 233 1784 que
253 1706 289 1766 ut
308 1702 512 1784 respondeam
533 1702 725 1783 querimonis
745 1706 808 1781 tue,
831 1719 924 1783 quam
945 1699 1064 1782 pridem
1075 1699 1201 1783 (4)tam
1223 1696 1310 1765 debi-

171 1802 243 1869 liter
262 1805 450 1888 proposuisti
471 1810 579 1872 contra
599 1825 649 1871 me
671 1807 791 1885 dicens,
820 1804 903 1887 quod
923 1803 1064 1868 videlicet
1083 1807 1212 1885 propter
1232 1803 1310 1868 arti·

171 1906 310 1974 tudinem
322 1907 370 1990 (5)
382 1908 430 1974 vie
451 1927 512 1992 que
533 1909 618 1974 ducit
639 1909 810 1987 advitam,
840 1907 929 1972 multi
957 1907 1038 1972 inter
1064 1924 1117 1971 eos
1138 1924 1215 1987 quos
1237 1924 1308 1971 cum

172 2024 285 2093 magno
306 2011 411 2079 labore
433 2017 466 2079 et
487 2013 591 2080 dolore
613 2013 737 2080 domino
758 2012 925 2096 acquisisse
945 2010 1115 2092 gaudebas,
1136 2013 1308 2076 retrorsum

173 2110 320 2183 obiissent
331 2116 389 2202 (6).
423 2117 503 2184 Nam
525 2119 552 2184 si
573 2117 752 2200 diligencius
772 2116 925 2199 inspicias,
947 2115 1083 2180 invenies
1107 2113 1307 2196 proculdubio

174 2220 246 2303 quia
266 2238 316 2287 res
337 2221 394 2288 nec
414 2222 542 2288 nimium
557 2205 713 2289 ,analeo
727 2226 790 2301 aa
812 2216 1306 2301 nect1u1.s0nn00(r)aoeroase,

173 2323 228 2390 sed
250 2328 282 2406 et
304 2327 503 2398 sanctissimis
531 2327 702 2412 quibusque
729 2324 868 2409 patribus
895 2321 1176 2407 manifestissimum
1188 2321 1236 2405 (8)
1248 2327 1306 2389 est.

173 2426 331 2516 Numquid
352 2449 458 2497 omncs
478 2433 681 2514 perstiterunt
701 2431 753 2513 qui
773 2447 831 2511 per
850 2427 944 2494 verba
965 2445 1033 2492 mea
1056 2431 1088 2491 et
1098 2426 1308 2509 apostolorum

174 2532 389 2600 crediderumt?
409 2535 467 2600 Vel
487 2535 636 2618 numquid
657 2533 716 2599 hac
737 2551 774 2598 en
793 2550 885 2597 causa
897 2531 944 2616 (9)
955 2530 1069 2596 Paulus
1084 2548 1138 2596 vas
1149 2530 1308 2596 eleccionis

174 2640 207 2702 et
229 2637 337 2704 doctor
356 2634 496 2721 gencium
516 2639 549 2703 in
569 2655 682 2703 vanum
704 2654 738 2701 se
760 2635 929 2700 cucurrisse
951 2640 983 2699 et
1002 2635 1159 2701 laborasse
1176 2651 1308 2715 conque-

173 2739 274 2804 ritur?
295 2739 477 2830 Quinymmo
491 2740 721 2827 strennuissime
734 2738 916 2818 damnans,
938 2738 1051 2821 ubique
1072 2729 1142 2804 darm
1162 2742 1250 2809 tanto
1262 2737 1308 2802 la·

173 2841 248 2923 bore
269 2843 524 2930 etsuollicitudine
550 2843 750 2925 ewangelium
777 2841 926 2922 latissime
953 2843 1095 2925 gentibus
1122 2843 1306 2925 predicavit,

174 2944 329 3026 epistolas·
340 2946 438 3026 misit,
469 2930 502 3012 et
521 2951 679 3028 tamquam
700 2947 804 3011 nutrix
824 2943 902 3012 filios
923 2965 996 3012 suos
1017 2945 1108 3027 fovit,
1138 2965 1176 3012 ac
1195 2963 1308 3011 nomen

174 3047 271 3113 Jhesu
293 3066 396 3142 coram
417 3051 559 3132 gentibus
581 3054 613 3114 et
633 3050 756 3131 regibus
777 3051 913 3132 portavit
941 3056 974 3115 et
1001 3049 1071 3117 filiis
1092 3050 1215 3117 Jsralrel
1226 3048 1306 3136 (10).

174 3149 236 3216 Sed
258 3152 354 3234 quid?
374 3151 436 3218 Ubi
456 3157 529 3219 sunt
548 3139 847 3236 nunc(ll)Ephesii
869 3159 901 3219 et
919 3154 1050 3220 Galathe
1072 3159 1166 3238 atque
1179 3154 1307 3220 chorin-

174 3255 389 3339 thii,'propter
410 3277 486 3340 quos
507 3275 548 3324 se.
561 3261 683 3339 tontum
703 3257 868 3338 laborasse,
892 3263 923 3324 et
936 3259 1036 3341 plagis
1058 3278 1095 3326 ac
1110 3260 1260 3326 mortibus
1273 3276 1308 3324 se

173 3358 351 3445 frequenter
371 3362 546 3444 exposuisse
567 3361 777 3454 gloriabatur?
797 3361 861 3427 Aut
882 3363 1166 3445 numquidPaulus
1193 3361 1306 3447 et(12)

174 3466 266 3531 ceteri
288 3467 419 3548 apostoli
439 3471 533 3551 atque
555 3456 696 3533 doctores
717 3466 787 3532 ideo
809 3484 829 3531 a
849 3465 1061 3547 predicacione
1083 3472 1115 3533 et
1135 3468 1306 3532 animarum

173 3570 358 3638 destiterunt
377 3573 493 3653 salute,
517 3591 586 3638 cum
606 3575 812 3656 perceperunt
829 3566 910 3660 ¹filios
932 3589 1004 3636 suos
1026 3573 1252 3650 recalcitrasse,
1275 3575 1308 3634 et

172 3692 192 3738 a
212 3676 329 3757 pseudo
350 3677 498 3759 apostolis
519 3682 684 3760 preventos
705 3675 795 3742 esse?
814 3674 879 3754 Aut
899 3675 1048 3757 numquid
1059 3681 1225 3758 propterea
1235 3673 1305 3757 (13)

171 3779 295 3873 segulla
318 3781 469 3861 egerunt?
500 3780 712 3862 Nequaquam.
747 3780 808 3847 Sed
827 3780 941 3862 ubique
963 3781 1090 3845 verbum
1105 3778 1155 3844 dei
1168 3778 1306 3844 dissemi-

172 3887 291 3963 nantes,
314 3887 347 3948 et
369 3869 451 3966 quod
471 3883 504 3946 in
525 3899 559 3946 se
581 3888 630 3955 est
649 3881 812 3966 facientes,
838 3884 972 3951 fructum
993 3885 1065 3950 inde
1086 3888 1307 3967 proventtnum

236 4071 271 4140 (l)
293 4075 595 4152 DMPporhennis—
616 4069 649 4139 (9)
671 4072 1067 4154 ACFinpugnacionibus-
1089 4073 1122 4141 (3)
1144 4077 1253 4137 Jereaa
1265 4080 1307 4148 12,

171 4165 195 4220 l.
216 4195 260 4205 -
281 4157 315 4226 (4)
339 4161 520 4238 Gpridie—
542 4155 575 4226 (5)
597 4159 1010 4225 AODFLumaritudinem—
1033 4161 1066 4227 (6)
1088 4164 1171 4222 EFM
1182 4165 1308 4224 abissent

171 4276 215 4288 -
237 4243 270 4311 (7)
293 4247 514 4309 CEHPbec-
535 4243 570 4312 (8)
592 4247 864 4308 Amanifcstum-
884 4246 918 4315 (9)
941 4249 1065 4308 CDPex
1087 4249 1141 4308 hac
1163 4268 1306 4310 causa-

172 4325 453 4410 (1⁰)HADFet'filiis
474 4334 590 4397 Jsrahel
610 4337 734 4415 portavit
753 4369 798 4379 —
819 4332 870 4419 (Π.)
892 4353 968 4397 nunc
990 4353 1038 4395 om
1060 4335 1162 4394 01³·-
1183 4333 1235 4400 (1‘2)
1258 4336 1307 4396 ΟΡ

170 4435 225 4494 aeq
243 4434 314 4478 moa
336 4421 449 4482 CFPet
471 4423 666 4489 doctores-
688 4418 740 4488 (¹3)
761 4421 954 4498 Bpropteria3
976 4440 1046 4483 moa
1068 4422 1242 4502 Hsengnins
