3000 5196
216 377 276 438 198

512 645 516 655 Ι
569 559 680 624 Oracio
702 560 742 624 ad
763 563 1002 624 sacramentum.

279 716 406 800 (nive
428 716 656 781 sanctissimum
678 733 790 796 corpus
812 715 998 781 dominicum
1025 713 1057 778 in
1083 714 1144 778 boc
1163 715 1362 777 sacramento

214 825 402 887 contentum.
435 819 481 882 Te
503 817 652 884 confiteor
671 819 769 899 labiis,
792 823 825 882 te
846 822 914 883 toto
936 817 1028 884 corde
1040 817 1144 898 diligo,
1166 820 1199 880 te
1211 802 1286 880 totis
1295 815 1362 880 vis·

208 925 332 990 ceribus
354 923 545 1004 concupisco.
579 922 716 1004 Dignare
738 940 833 1003 queso
860 922 952 987 hodie
979 920 1134 986 infirmam
1162 918 1360 1001 animamffi)

209 1033 247 1092 te
264 1029 432 1094 salutarem
452 1027 609 1092 victimam
632 1028 664 1090 et
684 1024 802 1092 fontem
824 1027 960 1090 omniurn
971 1026 1144 1106 graciarum
1154 1017 1291 1104 recipeie
1305 1040 1361 1088 cu·

209 1132 344 1215 piantem
366 1136 432 1194 tam
455 1131 623 1195 clementer
641 1114 676 1194 ¹et
697 1130 836 1210 graciose
852 1130 999 1208 invisere,
1022 1133 1058 1192 ut
1080 1128 1231 1193 medelam
1242 1128 1274 1190 in
1288 1145 1360 1192 cor-

208 1252 285 1317 pore
306 1240 338 1298 et
357 1235 390 1298 in
412 1235 524 1312 anima,
546 1237 602 1297 tua
624 1253 661 1298 cx
682 1234 843 1314 presencia
860 1233 1013 1314 gaudeam
1022 1231 1188 1297 invenisse.
1222 1220 1270 1294 Ne
1290 1248 1359 1294 res-

209 1340 304 1421 picias
327 1339 449 1403 domine
471 1337 512 1402 ad
530 1338 712 1419 iniquitates
734 1341 767 1401 et
784 1337 990 1418 negligencias
1012 1355 1097 1401 meas
1120 1335 1278 1417 plurimas,
1299 1333 1359 1429 sed

208 1441 249 1506 ad
269 1441 486 1506 miseraciones
507 1445 578 1505 tuas
600 1439 744 1505 infinitos.
779 1440 827 1511 Tu
848 1454 983 1520 namque
1013 1457 1046 1504 es
1074 1458 1132 1520 per
1158 1455 1251 1520 quem
1272 1437 1358 1502 orbis

205 1550 290 1610 terre
312 1537 360 1609 est
382 1550 503 1610 creatus
526 1550 558 1608 et
579 1549 722 1608 sanatus:
751 1528 808 1624 per
832 1558 923 1624 quern
946 1560 1053 1608 omnes
1075 1528 1224 1607 berbeet
1245 1545 1358 1606 cuncte

205 1667 256 1713 res
274 1649 414 1734 uirtuosc
437 1648 708 1712 suas-sorciuntur
730 1646 871 1711 virtutes.
905 1647 954 1710 Tu
976 1664 1009 1711 es
1031 1664 1129 1728 agnus
1149 1645 1201 1713 illc
1218 1645 1358 1708 inmacu-

207 1753 299 1831 latus,
324 1752 376 1833 qui
398 1752 492 1816 hodie
511 1771 569 1832 pro
592 1752 691 1816 tocius
712 1751 821 1815 mundi
841 1751 1057 1831 redempcione
1074 1750 1157 1830 patri
1171 1753 1277 1813 eterno
1291 1749 1357 1814 vic-

89 1834 92 1840 ’
204 1856 333 1920 timeris.
368 1855 781 1934 Omannaduicissimum,
811 1854 967 1919 Onectar
988 1855 1219 1932 suavissimum,
1249 1851 1357 1917 confer

206 1959 252 2025 ori
274 1977 343 2023 meo
365 1964 419 2022 tue
441 1959 587 2033 salutaris
609 1959 769 2040 presencie
790 1956 968 2022 mellidium
990 1962 1124 2038 gustum.
1157 1956 1300 2021 Accende
1321 1957 1355 2021 in

205 2080 255 2127 me
277 2064 438 2156 caritatem
459 2067 555 2142 tuam,
569 2063 732 2144 extingue
745 2061 793 2144 (3)
805 2063 893 2141 vicia,
915 2062 1046 2127 virtutes
1068 2061 1210 2141 infunde,
1233 2062 1355 2142 gracias

207 2163 342 2247 adauge,
365 2167 505 2249 salutem·
518 2167 632 2251 ruentis
654 2170 686 2230 et
708 2167 845 2247 corporis
866 2166 977 2230 trione.
1010 2153 1132 2230 Jnclina
1148 2183 1248 2259 *queso
1270 2164 1354 2230 celos

207 2274 277 2336 tuos
300 2274 332 2334 et
354 2271 505 2335 descende
527 2270 648 2349 adme,
672 2274 708 2334 ut
728 2271 785 2335 tibi
807 2271 986 2335 coniunctus
1009 2264 1165 2334 et'unitus
1175 2273 1286 2333 tecum
1295 2286 1354 2350 pa-

207 2375 284 2438 riter
306 2393 386 2438 unus
409 2373 524 2439 efficiar
546 2375 682 2457 spiritus.
718 2374 744 2438 0
766 2374 940 2439 venerabile
962 2358 1215 2463 sacramentum„
1235 2387 1292 2454 per
1319 2378 1353 2438 te

207 2496 303 2560 queso
315 2496 421 2543 omnes
431 2479 548 2543 inimici
558 2480 619 2543 mci
633 2479 833 2560 repellantur,
843 2482 972 2559 peccata
985 2477 1189 2557 dimittantur,
1204 2482 1236 2540 et
1249 2478 1354 2542 omnia

106 2569 109 2573 ’
206 2582 289 2645 mala
320 2599 377 2663 per
391 2586 491 2645 <tuam
523 2583 716 2662 presenciam
744 2581 959 2681 excludantur.
1006 2580 1129 2645 Bonum
1157 2581 1352 2662 propositum

64 2731 67 2738 ,
112 2740 117 2747 .
206 2685 322 2764 tribue,
357 2703 459 2750 mores
489 2685 607 2764 corrige
637 2689 669 2748 et
701 2702 807 2749 omnes
829 2689 916 2748 actus
944 2692 1034 2749 meos
1058 2684 1091 2748 in
1117 2689 1172 2747 tua
1192 2684 1353 2756 volumtate

207 2789 344 2869 dispone.
367 2788 550 2852 Jntellectus
571 2795 629 2869 per
649 2793 686 2879 te·
703 2787 799 2851 dhesu
812 2777 996 2870 dulcissime,
1020 2787 1213 2870 hic(4)novo
1235 2788 1352 2852 lumine
1404 2822 1410 2827 -

206 2889 537 2969 iilustretur,'affectus
558 2880 779 2969 inflammetur,
798 2909 869 2973 spes
891 2892 1064 2971 roboretur,
1087 2891 1259 2975 ut(s)vita
1280 2909 1352 2955 mea

207 2980 371 3057 emendata
392 3010 515 3075 semper
535 2991 677 3074 proficiat
697 2995 729 3058 in
750 2994 869 3073 melius,
894 2999 931 3058 et
947 2995 1074 3059 tandem
1097 2994 1272 3061 conseratur
1287 2995 1352 3059 exi·

207 3102 257 3162 tus
277 3097 396 3162 beatus.
429 3098 529 3162 Arnen
540 3097 599 3180 (6).
996 3114 998 3119 ·

542 3233 1007 3289 &mewa

271 3391 409 3469 Qualiter
420 3391 469 3475 (7)
482 3397 595 3486 eterna·
611 3374 766 3490 sapiencia
787 3394 828 3458 sit
850 3411 888 3458 ex
908 3397 975 3460 toto
998 3394 1090 3459 corde
1111 3398 1147 3458 et
1165 3413 1203 3459 ex
1223 3399 1291 3460 tota
1314 3373 1317 3377 ⁸

432 3497 535 3561 anima
555 3497 669 3578 iugiter
692 3498 776 3563 crnni
796 3502 937 3578 tempore
956 3497 1121 3562 laudanda.
1173 3552 1178 3559 .

536 3733 539 3738 ,
600 3652 789 3736 Oapittulum
813 3648 963 3734 quintum.
1088 3618 1106 3705 f

241 3838 245 3843 .
270 3789 423 3856 Obaudite
443 3810 493 3855 me
515 3793 610 3857 divini
630 3791 749 3858 fructus
764 3794 941 3876 aquarum(
963 3793 987 3875 ),
1011 3792 1153 3875 etquasi
1170 3776 1240 3858 r'ose
1258 3793 1363 3874 plan<

206 3897 272 3958 tate
295 3912 390 3975 super
417 3896 499 3960 rivos
529 3912 680 3976 aquarum
708 3894 899 3962 fructificate.
924 3897 1036 3975 ,Quasi
1062 3897 1192 3980 lybanus
1217 3887 1348 3961 ‘odorem

205 3997 366 4062 suavitatis
388 3997 509 4064 habete.
550 3999 675 4064 Florete
695 3997 787 4085 flores
809 4002 897 4091 quasi
918 4001 1040 4084 lylium,
1072 4001 1145 4066 date
1168 3991 1293 4065 odorem
1315 4004 1348 4064 et

131 4150 134 4155 .
204 4097 345 4166 frondete
366 4101 398 4166 in
419 4102 594 4185 graciarum
616 4100 756 4183 accione,
780 4108 812 4168 et
830 4105 1001 4171 collaudate
1016 4106 1178 4186 canticum,
1201 4110 1233 4170 et
1253 4094 1354 4170 bene-'

269 4234 303 4303 (ι)
326 4242 536 4304 renouare
554 4240 798 4308 bisontinus
820 4270 864 4290 -ὲ
886 4243 919 4310 cr
942 4248 1063 4308 arua
1083 4215 1177 4306 mean
1197 4279 1242 4288 -
1259 4242 1298 4310 a)
1320 4246 1345 4304 n

202 4325 317 4396 catigne
337 4360 381 4370 -
403 4326 437 4391 (4)
460 4331 609 4392 ADEhoc
641 4365 685 4375 —
707 4328 740 4397 (5)
762 4333 857 4394 JMet
888 4368 931 4378 -
954 4330 988 4397 (6)
1010 4332 1116 4392 Amen-
1134 4350 1183 4390 om
1212 4331 1345 4391 AGHJL

201 4440 245 4451 -
267 4405 300 4472 (7)
324 4411 433 4472 ACFM
456 4417 607 4492 Quomodo
651 4420 672 4480 ‚J
694 4420 845 4496 Quod-
867 4417 901 4484 (⁸)
923 4412 1063 4495 aquarum
1085 4436 1133 4516 om
1155 4418 1253 4478 BEJL
