3232 5130
235 327 298 391 134

232 461 345 529 ihesu:
368 479 438 527 cum
459 465 576 544 quanta
595 461 695 544 gloria
713 465 806 545 putas
828 461 1041 528 sublimabitur
1060 460 1093 526 in
1105 461 1187 544 oalis,
1201 466 1234 527 et
1248 465 1369 545 quanto

232 566 349 633 honore
370 566 480 648 dignus
501 565 686 632 habebitur?
724 565 830 632 Sosius
858 583 991 648 namque
1019 583 1131 647 magne
1156 566 1370 634 tribulacionis

233 671 292 737 erit
312 674 344 735 et
365 670 464 736 socius
491 670 630 736 inmenso
659 670 887 736 consolacionis.
919 667 1182 762 DISCIPULUS:
1211 671 1280 738 Scio
1308 673 1369 738 do·

232 774 315 839 minc
337 773 409 856 quia
428 793 491 839 non
512 779 560 841 est
579 773 711 840 hominis
732 773 783 840 via
805 774 879 854 eius,
902 792 959 838 nec
979 773 1037 839 viri
1058 779 1106 842 ost
1126 780 1162 840 ut
1176 777 1313 843 ambulet
1335 781 1372 844 et

233 879 347 961 dirigat
366 897 490 960 gressus
518 897 591 945 suos
602 877 662 963 (1).
696 878 901 957 Quamobrem
930 879 1034 944 oculos
1062 898 1099 944 ac
1126 899 1235 947 manus
1262 881 1305 947 ad
1333 886 1371 948 te

231 1001 354 1049 sursum
375 983 461 1050 elevo
481 983 617 1066 piissime
638 983 831 1065 redemptor,
862 983 972 1050 devote
999 983 1199 1066 supplicando
1220 985 1372 1068 quatinus

229 1089 403 1154 venerande
423 1087 575 1171 passionis
595 1091 649 1154 tue
669 1106 781 1173 ymago
802 1092 835 1153 et
855 1087 1022 1153 similitudo
1049 1088 1141 1153 michi
1166 1087 1281 1155 famulo
1307 1093 1371 1156 tuo

230 1189 394 1257 efficaciter
414 1193 607 1274 inprimatur,
630 1196 662 1259 et
682 1211 773 1259 suum
794 1193 826 1257 in
847 1211 897 1257 me
919 1191 1061 1259 effectum
1081 1192 1235 1259 salubrem
1251 1194 1372 1276 iugiter

230 1301 384 1379 operetur,
407 1297 447 1362 ad
467 1296 591 1363 laudem
613 1301 645 1377 et
665 1296 795 1380 gloriam
815 1296 947 1363 nominis
967 1296 1186 1363 tuibenadicti.
1219 1295 1372 1365 Ceterum

229 1404 267 1465 ut
286 1400 371 1471 vides
392 1401 495 1465 anima
515 1419 586 1481 mea
605 1404 674 1467 tota
693 1401 725 1466 in
743 1400 929 1485 excessula)
939 1400 1052 1469 mentis
1064 1401 1176 1485 posita,
1188 1400 1290 1468 adhuc
1300 1402 1373 1469 stat

229 1523 395 1587 suspensa,
423 1505 479 1571 tibi
499 1505 632 1587 pacienti
651 1504 828 1585 intendens,
858 1510 891 1570 et
911 1504 1018 1574 audme
1039 1505 1165 1588 cupiens
1185 1503 1286 1581 finem·
1297 1509 1372 1573 tam

230 1609 402 1675 miserande
422 1610 583 1691 passionis.
617 1609 702 1676 Scire
722 1610 849 1692 insuper
870 1609 1012 1691 cupiens,
1042 1613 1148 1675 utrum
1176 1628 1248 1677 caro
1270 1628 1373 1695 passa

230 1731 268 1778 ex
289 1713 455 1779 divinitatis
476 1711 592 1779 influxu
612 1714 748 1797 aliquam
772 1717 846 1779 tuno
874 1714 1005 1780 senserit
1034 1713 1261 1781 alleviacionem
1283 1717 1372 1782 tanti

230 1817 353 1883 doloris.
387 1816 621 1883 SAPIENOIA:
650 1818 733 1883 Nota
762 1817 852 1884 valde
878 1816 917 1883 de
937 1816 996 1882 hac
1016 1817 1260 1900 interrogacione
1281 1820 1371 1901 quod

228 1921 339 1987 merito
362 1939 400 1986 ex
420 1921 536 1987 intimis
557 1926 589 1988 te
609 1939 734 1986 movere
755 1921 866 1986 debeat
894 1920 933 1986 ad
964 1921 1205 2004 conpassionem.
1244 1922 1285 1987 Jn
1310 1923 1371 1989 illa

227 2025 322 2105 hora,
352 2043 422 2090 cum
445 2026 554 2091 mortis
575 2025 758 2108 supplicium
778 2025 893 2108 pertuli
912 2025 1119 2105 horrendum,
1146 2027 1249 2090 anima
1269 2026 1368 2100 verbo

228 2128 363 2211 perfecto
383 2127 558 2209 fruebatur3
589 2134 621 2194 ot
647 2134 752 2195 tamen
781 2129 925 2197 divimtas
953 2130 1093 2213 permisit
1115 2131 1199 2195 carni
1219 2147 1312 2211 agere
1333 2135 1369 2196 ct

228 2234 295 2316 pati
316 2252 375 2316 que
396 2234 547 2318 propria(
568 2233 600 2316 );
623 2238 655 2300 et
676 2235 748 2317 quia
768 2235 849 2301 viros
870 2233 1029 2301 inferiores
1050 2235 1109 2301 sibi
1124 2236 1198 2318 ipsis
1211 2235 1368 2318 relinque-

228 2338 351 2418 bantur,
372 2339 530 2420 passibilcs
552 2339 641 2405 valdo
662 2340 879 2406 reddebantur.

294 2441 429 2506 Attende
449 2461 531 2508 nune
552 2443 681 2524 gloriam
701 2443 801 2510 tocius
822 2443 904 2510 orbis
925 2443 958 2508 in
988 2461 1078 2509 onice
1106 2445 1313 2528 suspensum(
1335 2443 1365 2528 ),

230 2549 263 2609 et
287 2544 417 2611 miseriis
446 2547 681 2613 ultramodum
709 2547 927 2633 angustiatum.
960 2546 1143 2633 Pendebam¹
1165 2547 1199 2612 in
1225 2548 1366 2630 patibulo

231 2649 328 2716 crucis
348 2650 432 2733 ligno
460 2651 647 2717 inmobiliter
676 2649 827 2731 confixus,
857 2650 1012 2716 desolatus
1042 2656 1074 2716 et
1101 2651 1185 2718 omni
1212 2653 1367 2720 adiutorio

229 2753 364 2822 humano
385 2754 534 2835 privatus.
567 2754 629 2819 Sed
650 2759 683 2819 et
702 2758 793 2836 pater
813 2772 900 2820 meus
922 2754 1042 2820 celestis
1064 2773 1114 2820 me
1139 2755 1366 2838 quodammodo

230 2857 389 2938 reliquisse
400 2856 448 2939 (5)
459 2857 636 2938 videbatur,
667 2877 736 2923 cum
757 2877 820 2923 non
841 2858 966 2925 iuvabat
987 2877 1078 2940 quem
1099 2860 1204 2926 iuvare
1223 2864 1364 2942 poterat,

231 2959 385 3040 magnalia
407 2979 502 3042 opera
530 2963 730 3033 ostendendo.
763 2962 900 3028 Vulnera
928 2968 1055 3029 cruenta
1083 2965 1267 3046 sanguinem
1294 2963 1366 3030 fun-

233 3063 362 3144 debant,
386 3065 465 3131 oorli
485 3067 547 3131 mei
567 3085 587 3131 a
607 3065 682 3131 detu
703 3067 876 3149 caligabant
888 3067 951 3152 (6),
981 3073 1014 3133 et
1035 3069 1138 3134 omnia
1158 3069 1276 3136 viscera
1295 3087 1368 3136 mea

231 3187 288 3254 pre
308 3169 402 3234 nimio
424 3171 561 3236 cruciatu
582 3171 848 3238 contabescebant.
879 3172 1050 3255 Rugiebam
1077 3191 1097 3237 a
1124 3174 1241 3255 gemitu
1265 3173 1367 3241 cordis

232 3273 303 3354 mei,
326 3278 358 3338 et
377 3293 440 3339 non
463 3279 530 3340 erat
552 3275 604 3357 qui
624 3275 791 3358 respiceret
803 3276 868 3362 (7);
891 3275 1001 3342 flebam
1022 3295 1137 3358 amare,
1160 3283 1192 3343 et
1212 3298 1276 3344 non
1298 3283 1368 3343 erat

233 3379 287 3463 qui
306 3378 448 3444 lacrimas
470 3379 675 3463 abstergerem
706 3381 826 3447 dolores
854 3385 886 3447 et
913 3381 1025 3471 livores
1052 3401 1103 3448 me
1131 3386 1365 3464 oppresserant,

233 3486 266 3549 et
285 3503 348 3549 non
369 3488 437 3549 erat
457 3484 510 3566 qui
530 3481 672 3550 foveret..
691 3485 840 3550 Orantem
861 3486 1092 3568 maledicebant,
1113 3491 1267 3552 tacentem
1285 3489 1368 3554 deri·

232 3587 362 3675 debant,
391 3589 548 3672 pacienter
576 3589 778 3659 sustinentem
802 3589 1066 3672 blasphemabant.
1097 3591 1229 3657 Etcum
1251 3611 1301 3658 me
1321 3593 1368 3660 sio

232 3691 367 3773 undique
388 3693 509 3759 dolores
530 3695 639 3760 mortis
662 3692 943 3774 circumdedissent,
965 3693 1093 3760 clamavi
1113 3696 1153 3761 ad
1173 3700 1295 3778 patrem
1319 3696 1367 3762 di·

232 3814 321 3862 oens:
344 3796 429 3862 Deus
450 3815 537 3862 meus
563 3798 638 3863 deus
667 3816 770 3878 meus,
797 3798 935 3880 utquid
963 3798 1151 3881 dereliquisti
1162 3799 1210 3884 (8)
1220 3801 1293 3864 nro?
1323 3801 1367 3865 Et

232 3903 336 3966 tamen
357 3899 500 3966 voluntas
520 3894 682 3982 pendentis
714 3898 784 3982 filii,
812 3918 935 3984 semper
960 3901 1019 3967 duit
1047 3902 1209 3970 conformis
1236 3908 1366 3987 paterne

298 4037 333 4104 (1)
353 4041 463 4100 Jmem.
484 4044 538 4114 10,
566 4043 614 4100 23.
642 4042 686 4087 —-'
713 4036 748 4105 (2)
770 4040 982 4104 AGoxcessum
1009 4079 1054 4089 —
1082 4041 1115 4110 (3l
1130 4047 1162 4106 -E
1176 4064 1231 4123 que
1252 4049 1366 4125 propria

234 4134 301 4188 sunt
342 4127 442 4203 Mque
462 4130 576 4204 propria
603 4135 683 4189 erant
725 4129 819 4205 Bdue
847 4133 961 4208 propria
988 4134 1042 4193 sibi
1070 4140 1150 4193 erant
1192 4135 1284 4211 Pque
1312 4153 1366 4195 sua

233 4220 314 4274 arant
334 4216 448 4291 propria
490 4213 511 4274 J
522 4218 635 4292 propria
677 4215 901 4293 DFinproporia
944 4219 1129 4295 Oobprobria
1158 4253 1202 4264 -·
1223 4217 1257 4286 (4)
1279 4222 1365 4281 DMP

232 4317 399 4377 suspensam
421 4309 449 4360 et
465 4304 560 4378 paolo
577 4310 648 4379 post
667 4304 912 4381 angustiatam—
925 4300 959 4369 (⁵)
973 4304 1027 4366 EG
1036 4303 1300 4381 relinquiae-(6)
1311 4307 1365 4373 EG

230 4385 467 4462 colligabant-
489 4384 524 4452 (7)
545 4389 627 4449 BOM
637 4391 778 4468 aspiceret
797 4387 896 4457 -,(8)
918 4391 1149 4472 Ddaralioquisti
