3000 5196
217 535 259 597 56

221 671 316 736 divini
338 669 461 735 amoris.
505 669 555 735 Da
576 675 741 749 amantem,
765 671 805 735 da
826 670 975 749 singulari
995 688 1100 737 amore
1120 669 1305 751 ferventem,
1331 677 1364 736 et
1458 720 1474 742 0

216 774 368 855 intelliget
390 791 449 854 que
471 773 549 837 dico.
587 773 636 836 Ex
658 791 764 838 amore
786 774 867 837 enim
891 774 1029 854 quamtis
1042 773 1278 857 (illoquentem
1299 794 1363 841 non

109 903 112 908 ·
218 896 335 957 amans,
359 878 515 958 quianon
536 877 656 941 interno
679 883 772 958 gustu
792 879 855 942 vim
877 879 990 942 amoris
1012 878 1159 959 percipit,
1189 879 1245 943 sed
1267 879 1363 944 verba

219 976 343 1046 tantum
363 998 510 1045 resonare
531 981 634 1060 audit,
658 981 776 1045 ebrIum
798 982 904 1062 pocius
926 999 1019 1062 quam
1040 982 1176 1047 sobrium
1198 983 1361 1048 estimabit.

216 1084 260 1149 Et
271 1085 359 1171 ,bene
382 1085 505 1166 quidem
527 1084 655 1163 ebn'nm,
677 1085 816 1149 sednon
839 1103 858 1149 a
879 1086 950 1150 vino
971 1085 1003 1149 in
1026 1104 1087 1166 quo
1109 1086 1315 1169 estluxuria(
1336 1088 1360 1169 l,

219 1189 275 1254 sed
296 1189 328 1252 in
350 1208 412 1271 quo
434 1193 483 1254 est
495 1189 701 1271 spiritualium
719 1189 922 1254 exuberancia
935 1189 1128 1270 gaudiorum.
1157 1189 1254 1255 Nobis
1268 1190 1361 1270 igitur

217 1293 391 1359 tacentibus
413 1292 466 1373 qui
487 1292 575 1356 atali
588 1293 702 1358 amoris
716 1291 969 1374 supereffluencia
983 1292 1083 1357 adhuc
1096 1293 1188 1373 longe
1200 1292 1362 1372 distamus,

219 1416 316 1481 prope
338 1402 443 1461 autem
463 1394 531 1460 fieri
551 1401 618 1462 toto
641 1396 733 1461 corde
755 1397 978 1476 desideramus,
1004 1397 1124 1461 animus
1147 1415 1307 1462 amorosus
1328 1398 1362 1462 in

216 1502 351 1566 medium
362 1501 519 1583 procedat,
534 1501 646 1565 mentis
656 1501 689 1565 in
700 1498 843 1565 affectum
859 1501 995 1565 divinum
1008 1504 1201 1582 prorumpat,
1218 1501 1361 1583 dimtque

216 1607 305 1672 nobis
326 1606 453 1671 modum
476 1605 608 1687 qualitor
629 1623 649 1668 a
670 1605 782 1669 dilecto
803 1610 978 1686 preventus,
1003 1609 1034 1668 et
1052 1605 1206 1686 quomodo
1221 1605 1263 1669 ad
1275 1623 1361 1670 amo·

125 1780 130 1794 ,
216 1728 284 1800 rem
305 1710 401 1791 ipsius
421 1713 540 1773 tractus
562 1709 611 1787 sit,
634 1712 669 1771 ut
691 1708 782 1773 simul
804 1727 841 1771 ex
863 1709 921 1773 hoc
942 1712 1058 1790 pateat,
1082 1709 1180 1790 qualis
1201 1710 1242 1773 sit
1264 1726 1302 1773 er
1315 1710 1361 1774 di·

214 1815 296 1878 lecto
319 1813 544 1894 dilectusqnee
562 1830 598 1875 se
616 1811 750 1876 occultet
761 1812 810 1895 (3)
823 1812 960 1891 nimium,
977 1815 1049 1894 qnia
1061 1830 1149 1877 amor
1161 1814 1359 1896 intensus(t)

217 1918 354 1999 seipsum
376 1917 472 1980 eciam
494 1915 625 1997 prodere
648 1914 811 1980 consuevit
832 1917 954 1980 invitus.
988 1916 1099 1980 Venite
1112 1917 1212 1999 inquit
1239 1918 1360 1984 mimus

216 2040 385 2099 amorosus,
408 2019 513 2083 audite
535 2023 652 2100 quanta
674 2018 745 2083 fecit
758 2018 806 2100 (5)
819 2021 960 2084 dominus
982 2021 1083 2084 anime
1104 2039 1181 2085 mee.
1210 2019 1288 2085 Crrm
1308 2039 1360 2086 me

212 2125 325 2191 florens
346 2125 496 2200 iuventus,
511 2128 543 2188 et
563 2141 670 2187 recens
685 2123 806 2187 animus
821 2128 962 2204 tempore
972 2125 1089 2189 vernali
1103 2126 1143 2188 ad
1156 2130 1247 2206 prata
1257 2125 1360 2190 viren-

214 2232 270 2311 cia,
294 2235 326 2295 et
335 2227 447 2294 florum
461 2227 583 2292 diversa
596 2228 744 2308 genuina,
761 2246 829 2292 cum
844 2229 999 2294 sodalibus
1013 2231 1174 2312 coequevis
1185 2229 1234 2312 (6)
1244 2231 1360 2295 utrius·

213 2352 274 2418 que
296 2351 386 2399 senus
415 2332 456 2396 ad
483 2330 730 2414 perfruendam)
746 2325 923 2396 desiderata
949 2333 1063 2398 solacia
1092 2333 1222 2398 dulciter
1248 2334 1359 2399 invita-

213 2444 272 2519 ret,
296 2436 377 2521 (8)a
397 2435 552 2518 plerisque
572 2435 656 2500 inter
677 2436 814 2501 diversos
835 2436 925 2502 ludos
946 2456 1006 2502 vox
1034 2437 1195 2503 lasciviens
1223 2441 1359 2519 perstre·

213 2540 378 2626 potate).
423 2539 525 2622 Oaput
545 2541 831 2620 enimrmoventeS,
861 2542 1003 2607 manibus
1016 2542 1295 2624 (10)plaudenter,
1325 2545 1358 2606 et

213 2646 306 2711 velud
327 2645 439 2708 arietes
461 2644 564 2739 ovium
586 2644 776 2730 exultantes,
792 2645 897 2710 saltus
919 2645 1069 2727 quosdam
1092 2640 1222 2725 dabant,
1235 2676 1239 2681 v
1251 2647 1357 2728 sicque

213 2747 410 2833 tripudiando
433 2748 571 2812 aiebant:
594 2749 748 2830 Exiguum
770 2753 802 2813 et
823 2768 892 2813 cum
913 2749 998 2836 tedio
1013 2754 1060 2815 est
1074 2753 1196 2831 tempus
1210 2751 1357 2835 vitenos·

213 2857 278 2933 tre,
309 2857 341 2916 et
368 2870 431 2916 non
460 2855 509 2915 est
535 2851 728 2933 refrigerium
755 2853 788 2916 in
815 2851 876 2916 fine
901 2853 1049 2930 hominis3
1080 2857 1112 2916 et
1137 2872 1200 2917 non
1227 2848 1277 2921 est
1304 2854 1357 2935 qui

213 2957 338 3038 agnitus
359 2955 400 3019 sit
420 2972 562 3019 reversus
585 2955 623 3020 ab
644 2954 768 3036 inferis,
799 2956 871 3037 quia
893 2975 931 3019 er
952 2955 1066 3021 nichilo'
1085 2957 1152 3020 nati
1173 2966 1294 3036 sumus,
1324 2961 1357 3021 et

213 3065 286 3144 post
305 3058 445 3140 hec(11)
458 3059 571 3150 erimus
595 3060 683 3152 quasi
704 3078 767 3124 non
788 3059 945 3130 fuerimus.
989 3059 1101 3125 Venite
1122 3079 1195 3141 ergo
1218 3065 1250 3124 et
1272 3060 1356 3125 frua-

194 3248 196 3253 <
214 3185 285 3236 mur
297 3162 366 3251 (12)
377 3163 466 3228 bonis
488 3181 548 3245 que
568 3167 651 3244 sunt,
669 3161 706 3227 'et
727 3169 852 3228 utamur
870 3167 1015 3229 creatura
1031 3169 1190 3245 tamquam
1204 3165 1237 3229 in
1249 3165 1356 3230 iuven·

213 3274 281 3336 tute
303 3267 537 3351 celeriter(13).'
568 3266 648 3333 Vino
666 3255 813 3349 precioso
831 3272 863 3332 et
884 3270 1027 3350 ungentis
1049 3288 1105 3334 nos
1126 3262 1309 3350 repleamus,
1324 3273 1357 3334 et

213 3391 276 3439 non
296 3375 454 3453 pretereat
465 3370 534 3454 (14)
546 3390 602 3436 nos
624 3369 681 3436 flos
703 3373 859 3454 temporis.
899 3372 1087 3438 Coronemus
1108 3392 1165 3437 nos
1178 3373 1256 3438 rosis
1268 3378 1355 3438 ante·

213 3494 307 3558 quam
334 3478 535 3538 marcescant.
586 3475 724 3539 Nullum
742 3481 867 3558 pratum
895 3477 936 3541 sit
965 3477 1047 3558 quod
1075 3490 1137 3540 non
1160 3480 1356 3558 pertranseat
1428 3502 1430 3507 ·

211 3579 334 3644 luxuria
354 3584 470 3644 nostra.
515 3566 637 3663 Ubique
658 3582 867 3663 relinquamus
879 3583 977 3662 'signa
996 3582 1107 3660 leticie,
1132 3583 1276 3662 quoniam
1298 3581 1355 3646 hec

152 3707 154 3711 ’
179 3744 181 3749 .
213 3688 355 3765 estpars
376 3689 484 3749 nostra
505 3689 537 3748 et
557 3685 615 3750 hec
636 3689 684 3750 est
706 3704 773 3750 sors
788 3666 869 3769 (15'),
914 3684 1002 3750 Talia
1030 3670 1156 3766 inquam
1185 3690 1216 3748 et
1244 3686 1356 3750 similia

213 3784 358 3865 dicentes,
379 3786 501 3852 frenum
524 3789 771 3870 concupiscentie
792 3789 947 3867 laxabant,
972 3794 1003 3852 et
1016 3786 1107 3852 flores
1122 3807 1198 3869 quos
1210 3794 1355 3870 poterant

207 3885 324 3987 'singuli
335 3890 511 3970 carpebant.
544 3891 611 3970 Ego
627 3878 731 3956 autem
745 3911 814 3957 cum
836 3892 995 3974 paululum
1016 3891 1048 3954 in
1070 3891 1188 3972 meipso
1201 3891 1271 3976 (16)
1283 3893 1354 3957 sub-

281 4051 317 4118 (1)
341 4058 614 4146 CFGHPquemvia
635 4093 680 4103 -
696 4045 738 4126 ’(1)
760 4067 863 4140 Ephes.
886 4071 920 4139 5,
950 4070 994 4125 18.
1014 4100 1059 4109 -
1082 4061 1117 4131 (3)
1141 4067 1169 4125 Η
1184 4068 1291 4126 ocultet
1311 4102 1355 4111 -

217 4131 253 4200 (4)
275 4139 404 4199 ABCEF
415 4146 548 4201 incensus
569 4169 613 4184 -n
635 4139 671 4207 (5)
693 4146 833 4224 Bfecerit.
856 4154 939 4210 Psol.
969 4157 1021 4224 65,
1052 4157 1096 4212 16.
1116 4186 1161 4196 —
1183 4149 1219 4218 (6)
1244 4154 1295 4211 DF
1297 4154 1355 4212 LM

218 4226 324 4283 coevis.
343 4226 405 4282 Vid.
418 4226 530 4283 Alberti
543 4226 648 4298 Magni
662 4229 815 4291 Summam
831 4237 866 4292 de
882 4237 1032 4297 creaturis
1046 4240 1135 4315 (Opp.
1154 4241 1235 4299 Toni.
1249 4239 1354 4312 XIX.)

217 4332 262 4347 —-
282 4302 319 4370 (7)
341 4307 581 4382 Dpersruendum
602 4341 646 4377 -†
668 4308 704 4375 (8)
733 4314 834 4376 Dudd
862 4329 890 4378 et
917 4355 961 4364 -—
976 4318 1026 4392 <(9)
1055 4325 1080 4380 B
1092 4333 1284 4400 perstreperet
1327 4327 1354 4386 G

218 4395 408 4463 prostreperet
429 4421 473 4434 ··-
494 4385 548 4453 (1⁰)
569 4392 847 4471 Emanibusque—
868 4399 921 4469 (11)
944 4407 1150 4466 AFMhoe—
1171 4405 1224 4475 (12)
1247 4413 1354 4487 Dper-

218 4469 354 4529 fruamur.
373 4505 418 4517 -
446 4468 502 4536 (13)
528 4473 587 4532 DK
597 4487 765 4539 ematurata
792 4487 935 4548 sceleriter
962 4523 1006 4533 —
1035 4486 1088 4554 (14)
1117 4494 1290 4569 Bpreteriat
1310 4532 1355 4542 -—

217 4545 272 4616 (15)
294 4550 364 4608 JLP
377 4557 438 4612 add
458 4564 564 4618 nostra.
587 4561 715 4636 sapient.
736 4569 764 4638 2,
787 4572 848 4628 1›9.
870 4606 913 4615 -
934 4570 987 4637 (16)
1010 4575 1100 4636 ADM
1111 4563 1279 4658 memetipso
