3232 5130
1339 396 1378 456 17

125 533 146 581 -’
234 540 268 600 et
287 533 437 598 honorem
459 530 542 613 apud
562 531 707 595 seniores.
741 529 870 595 Habebo
890 547 948 611 per
969 528 1049 593 hano
1069 528 1330 609 inmortalitatem,
1345 534 1378 595 et

233 638 415 704 memoriam
426 639 563 699 eternam
574 633 632 698 biis
644 634 696 715 qui
705 637 777 715 post
786 651 837 698 me
850 631 947 696 futuri
960 635 1033 696 sunt
1044 631 1225 713 relinquam.
1248 633 1377 700 Jntrans

233 743 267 807 in
285 741 410 806 domum
421 755 531 816 meam,
555 737 768 818 conquiescam
783 754 853 801 cum
873 736 942 814 illa3
965 755 1028 800 non
1050 736 1132 799 enim
1152 734 1246 809 habet
1267 737 1379 800 amari·

233 844 373 910 tudinem
391 841 584 906 conversacio
606 840 697 919 illius,
719 858 820 921 neque
841 840 959 904 tedium
981 839 1136 904 convictus
1156 839 1247 919 illius,
1269 839 1380 924 sedle-

234 949 339 1013 ticiam
360 948 392 1010 et
413 944 569 1024 gaudium.
599 943 641 1008 Jn
662 944 800 1008 amicicia
817 943 897 1008 illius
913 943 1079 1008 delectacio
1093 942 1241 1026 bona(1).
1265 937 1379 1009 Si'dor-

235 1051 348 1129 mieris,
371 1067 433 1113 non
455 1047 592 1125 timebis3
617 1048 763 1129 quiesces,
788 1052 820 1111 et
831 1047 933 1112 suavis
945 1047 1003 1111 erit
1013 1065 1160 1128 sompnus
1171 1051 1259 1125 tuus3
1284 1048 1381 1112 domi·

235 1173 293 1219 nus
317 1152 398 1218 enim
420 1151 480 1217 erit
500 1152 533 1214 in
555 1150 653 1214 latere
667 1154 721 1214 tuo
736 1154 768 1214 et
779 1150 931 1215 custodiet
941 1150 996 1234 te(
1018 1149 1041 1231 ).
1071 1149 1139 1214 Hiis
1152 1151 1257 1232 itaque
1269 1151 1381 1216 auditis

235 1257 352 1322 iuvenis
374 1260 498 1321 estuare
521 1254 603 1336 cepit
624 1254 689 1318 eius
711 1254 743 1316 in
765 1271 885 1332 amore,
908 1253 1090 1335 dicebatque
1110 1254 1193 1318 intra
1215 1273 1265 1320 se:
1289 1253 1380 1319 Certe

235 1361 263 1426 si
283 1378 389 1425 omnes
410 1363 512 1423 terras
533 1357 713 1422 lustraveris
722 1355 781 1440 (3),
812 1357 883 1422 huic
904 1357 1034 1422 similem
1056 1357 1088 1421 in
1110 1357 1221 1437 graciis
1242 1377 1304 1422 non
1326 1376 1382 1440 po·

235 1465 311 1530 teris
331 1445 479 1527 avenne.

300 1567 431 1630 Factum
453 1568 501 1630 est
523 1569 627 1628 autem
649 1568 685 1629 ut
704 1563 845 1629 incentor
859 1564 907 1648 (4)
923 1565 1073 1630 malorum
1104 1566 1230 1630 humani
1261 1567 1382 1647 generis

235 1671 395 1749 inimicus,
417 1668 568 1750 profectui
580 1667 627 1751 (5)
641 1669 705 1732 eius
727 1669 883 1748 insidens,
908 1669 1110 1749 cogitaciones
1131 1670 1190 1735 hiis
1213 1659 1382 1736 contrarias

213 1789 216 1793 ’
235 1776 406 1841 inmitteret
424 1774 544 1837 dicens:
569 1773 594 1837 0
611 1772 705 1838 stulte
722 1773 768 1837 vis
787 1790 892 1837 amare
909 1773 1107 1854 incognitum,
1130 1774 1176 1839 vis
1196 1775 1383 1856 desponsare

235 1879 389 1944 invisum?
410 1877 521 1942 Melior
532 1881 579 1971 est
596 1876 730 1959 pugillus
747 1875 780 1940 in
793 1876 987 1958 possessione
1006 1895 1098 1958 quam
1119 1882 1251 1960 utraque
1272 1897 1381 1943 manus

236 1983 330 2066 plena
356 1982 388 2045 in
417 1982 483 2046 sola
513 1981 754 2063 expectacionc(
776 1979 799 2061 ).
832 1980 957 2045 Etenim
980 1981 1032 2062 qui
1052 1981 1085 2045 in
1107 1982 1233 2048 excelsis
1255 1984 1383 2064 rupibus

238 2086 424 2151 domicilium
438 2085 495 2150 sibi
506 2085 666 2164 collocant,
678 2088 710 2147 et
720 2084 752 2147 in
763 2084 901 2148 amicicia
914 2085 1142 2172 suanimisalte
1151 2085 1309 2150 nidificant
1317 2086 1383 2169 (7):

237 2189 341 2273 sepius
354 2207 410 2270 spe
422 2187 469 2271 (8)
483 2206 575 2269 quam
588 2206 622 2252 re
637 2188 776 2251 exultant
788 2187 847 2270 (9),
867 2189 939 2268 quia
950 2192 1077 2252 ventum
1091 2189 1124 2252 in
1137 2189 1283 2254 horreum
1292 2208 1383 2255 suum
1492 2229 1496 2233 -

212 2313 295 2383 ‘pro
316 2297 409 2375 pastu
430 2296 626 2374 congregant.
657 2291 768 2355 Nonne
779 2291 887 2358 melius
903 2296 985 2355 esset
1000 2291 1038 2354 de
1053 2291 1155 2371 lignea
1176 2296 1258 2357 testa
1279 2293 1384 2377 bibere

239 2397 280 2461 ad
289 2395 513 2476 sufficiendum,
522 2414 616 2476 quam
627 2395 666 2460 dc
674 2394 772 2477 cypho
782 2393 851 2477 (10)
859 2411 952 2458 amec
963 2396 1116 2459 sustinere
1125 2400 1218 2476 potus
1227 2395 1384 2477 inopiam?

239 2501 397 2583 Siquidem
418 2500 476 2565 hec
497 2518 611 2581 sponsa
633 2518 689 2581 per
711 2499 815 2564 omnia
836 2499 974 2563 arnabilis
996 2503 1092 2579 esset,
1122 2499 1150 2564 si
1171 2498 1294 2564 delicias
1316 2518 1383 2569 cor-

238 2604 361 2687 porales
382 2622 445 2670 non
466 2603 660 2685 prohiberet,
694 2603 721 2667 si
743 2603 783 2667 ad
804 2602 925 2666 libitum
946 2603 1100 2667 convivari
1122 2606 1153 2667 et
1175 2604 1292 2684 epulari
1313 2621 1384 2685 per·

239 2709 385 2773 mitteret.
415 2707 506 2772 Nunc
520 2711 623 2770 eutem
638 2707 682 2770 ita
705 2710 762 2786 est,
785 2704 820 2770 ut
842 2707 945 2771 omnia
967 2724 1027 2788 que
1048 2710 1121 2772 sunt
1142 2708 1264 2788 corpori
1285 2707 1384 2772 deleo·

238 2811 354 2893 labilia
377 2813 443 2877 eius
465 2812 603 2876 doctrine
615 2811 779 2900 videantur
793 2828 860 2875 esse
872 2811 1033 2876 contraria.
1056 2810 1134 2892 lpse
1149 2829 1283 2893 nmnque
1294 2812 1383 2876 dicit:

240 2914 300 2994 Qui
313 2920 399 2980 amat
407 2917 513 2980 vinum
524 2918 556 2978 et
568 2915 701 2997 pinguia
713 2913 794 2997 (11),
816 2933 879 2979 non
902 2915 960 2979 erit
981 2915 1113 2995 sapiens.
1142 2915 1383 2998 Jcemque(1a):

238 3020 402 3086 Paululum
424 3019 557 3085 dormies
580 3023 612 3083 et
632 3002 874 3101 paululrun(i3)
889 3018 1077 3098 domnitabis,
1101 3024 1133 3083 et
1141 3020 1301 3102 paululum
1312 3038 1384 3085 con·

238 3142 323 3190 seres
344 3123 542 3205 manus(14).
572 3123 792 3188 Animadverte
813 3141 895 3187 nunc
917 3122 944 3186 si
965 3126 1013 3187 est
1030 3141 1123 3205 super
1136 3128 1253 3187 terram
1270 3143 1384 3207 sponsa

239 3232 305 3292 tam
317 3227 446 3298 crudelis
457 3245 517 3307 que
531 3227 590 3291 hoc
602 3225 705 3306 faciat,
728 3231 764 3290 ut
773 3226 899 3309 tomas)
912 3227 1090 3292 durissimas
1108 3227 1191 3308 leges
1213 3228 1276 3292 suis
1298 3246 1383 3293 ama-

239 3331 358 3396 toribus
379 3330 517 3411 inponat.
546 3330 596 3395 Ad
613 3330 671 3394 hec
685 3333 717 3393 et
728 3330 839 3394 similia
850 3331 1072 3410 cogitacionum
1082 3334 1306 3412 temptamenta
1317 3331 1384 3412 qui-

240 3433 313 3500 dam
322 3433 461 3498 internus
472 3434 624 3516 sapiencie
634 3439 743 3515 glutus
754 3434 798 3498 sic
808 3434 1030 3515 respondebat:
1055 3433 1384 3516 Oamande(16)ado-

239 3537 357 3604 lescens
378 3538 497 3619 respice
517 3557 659 3605 amoroso
673 3538 774 3617 corde,
799 3538 881 3619 quod
895 3539 1031 3603 omnium
1043 3539 1215 3602 amancium
1224 3539 1383 3633 proprium

241 3645 298 3723 est,
321 3641 359 3707 ob
380 3643 494 3708 amoris
515 3643 652 3724 graciam
673 3643 803 3707 adversa
824 3641 992 3719 sustinere3
1016 3642 1089 3722 quia
1104 3642 1207 3705 littore
1222 3645 1297 3723 quot
1311 3661 1382 3706 con-

307 3795 341 3866 (1)
363 3800 494 3877 sapient.
517 3804 553 3874 a,
574 3805 602 3860 a.
624 3805 670 3861 ro.
692 3805 737 3861 13.
759 3804 804 3860 rc.
825 3802 870 3859 ra.
892 3833 936 3842 -
968 3794 1002 3862 (2)
1025 3802 1118 3859 mov.
1141 3802 1176 3871 3,
1198 3804 1247 3858 24.
1268 3806 1316 3860 ec.
1338 3836 1382 3845 -

241 3881 276 3950 (3)
298 3886 473 3946 Llustratus
501 3888 587 3946 fueris
609 3921 652 3930 —
685 3883 718 3951 (4)
741 3887 774 3946 Μ
788 3889 919 3946 incensor
951 3886 1115 3945 Eintensor
1148 3887 1247 3946 ΑΘΕ.)
1261 3890 1384 3947 intentor

241 3972 267 4032 B
282 3975 490 4032 intentator—
501 3969 534 4035 (5)
546 3973 625 4031 ΑΕΒ
637 3974 847 4049 prolectum—
869 3968 902 4035 (6)
926 3973 1168 4049 Aexpectacione
1191 3973 1252 4032 sola
1292 3975 1383 4033 DGM

242 4062 454 4135 expectacione.
478 4060 571 4118 Ecclc.
582 4063 610 4132 4,
626 4062 703 4118 6.-
713 4057 746 4126 (1)
759 4060 813 4118 AB
819 4056 965 4119 ‘edificant
974 4093 1018 4102 -
1032 4055 1065 4124 (8)
1079 4060 1156 4117 DFP
1172 4060 1234 4118 odd
1246 4061 1385 4119 frustran-
1474 4098 1476 4103 -

242 4152 288 4204 tur
305 4179 349 4188 —
371 4142 405 4208 (9)
427 4146 590 4205 Jexaltant
623 4146 822 4205 Eeraltantur
843 4180 887 4187 —
909 4142 960 4210 (10)
983 4146 1116 4204 ABCDP
1136 4146 1218 4221 cipho
1260 4145 1318 4205 GH
1329 4148 1383 4206 cifo
1426 4207 1429 4211 ,

242 4231 356 4310 Ecytio
379 4265 423 4274 —
445 4229 495 4297 (11)
519 4233 663 4310 Lpigwia
680 4267 723 4276 —
745 4229 796 4297 (12)
820 4249 875 4308 que
899 4250 947 4291 om
969 4232 1096 4291 BDEFJ
1117 4266 1161 4275 —-
1174 4228 1225 4295 (13)
1237 4231 1385 4307 paululum

243 4335 292 4377 om
314 4318 418 4377 ΟΡ-
440 4314 491 4383 (14)
514 4320 607 4379 Prov.
618 4323 662 4392 21,
686 4323 727 4380 17.
752 4323 849 4393 6,10.
871 4353 916 4381 -.
933 4313 1075 4382 (15lDFP
1098 4320 1200 4378 addet
1222 4327 1289 4378 tam.
1312 4320 1386 4381 Moe

242 4405 267 4462 E
283 4404 489 4464 diversimodas
511 4403 590 4482 leges
611 4409 655 4449 ’-
673 4402 723 4471 (16)
735 4406 785 4465 FP
800 4404 961 4464 adamando

1102 4544 1124 4612 2
