3232 5130
431 698 434 705 ¹
469 618 587 702 Jncipit
605 618 751 702 prologus
772 619 806 685 in
826 618 938 686 librum
961 619 1015 702 qui
1033 618 1209 685 intitulatur

652 722 845 806 horologium
864 723 1026 806 sapiencie.

232 907 236 917 .
358 859 477 927 Sentite
500 860 544 965 de?
561 860 684 927 domino
706 861 739 926 in
752 862 900 942 bonitate,
924 862 1000 928 etin
1017 860 1214 945 simplicitate
1228 861 1327 928 cordis
1340 880 1414 944 que-

271 965 331 1031 rite
352 965 455 1044 illum,
486 964 814 1048 quoniaminvenitur
835 966 873 1030 ab
895 964 954 1031 hiis
977 965 1030 1047 qui
1050 984 1112 1030 non
1134 968 1290 1049 temptant
1310 966 1412 1043 illum3

272 1073 403 1153 apparet
433 1073 538 1134 autem
570 1070 614 1134 eis
636 1069 690 1151 qui
709 1066 803 1151 fidem
825 1068 940 1134 habent
960 1069 992 1132 in
1014 1069 1100 1133 illum
1113 1068 1171 1152 (1).
1215 1069 1414 1151 Multipharie
1515 1119 1519 1126 .

271 1174 438 1255 mumque
468 1154 568 1239 moon
590 1173 673 1256 olym
700 1173 733 1238 n
765 1172 921 1256 primitiva
949 1172 1077 1237 ecclesa
1099 1172 1203 1237 enan
1225 1172 1289 1237 sus
1310 1172 1414 1236 anna

271 1278 428 1359 sapiencia
445 1277 598 1360 apparuit,
621 1280 802 1359 mentesque
824 1293 930 1340 eorum
952 1294 1008 1341 suo
1029 1276 1144 1340 lumine
1165 1276 1338 1356 illustravit,
1362 1275 1415 1357 qui

272 1381 384 1464 spiritu
393 1379 557 1461 ferventes
581 1380 705 1446 domino
719 1380 887 1446 servientes
901 1383 990 1444 erant
1010 1380 1043 1444 in
1064 1379 1229 1444 sanctitate
1250 1383 1283 1445 et
1292 1379 1415 1444 iusticia
1528 1391 1537 1410 ⁶

272 1503 377 1551 coram
398 1484 507 1568 ipsam
510 1483 534 1566 ).
566 1483 697 1549 Miserat
717 1487 791 1549 tunc
812 1502 946 1566 namque
960 1484 1081 1567 deus(3
1083 1483 1128 1566 )
1118 1502 1223 1565 rgnem
1235 1482 1274 1549 de
1293 1482 1413 1548 excelso

271 1588 304 1654 in
326 1588 445 1654 ossibus
475 1586 665 1670 eorum(4,)
695 1591 728 1652 et
748 1586 832 1652 facta
859 1591 933 1653 sunt
961 1588 1098 1670 corda(5
1100 1587 1114 1670 )
1137 1588 1247 1652 ardore
1277 1586 1428 1670 caritatis

271 1689 646 1757 estuanoiavehementer
668 1689 867 1756 Diffundebat
867 1694 1021 1756 urautem
1030 1689 1155 1755 flamma
1166 1691 1299 1756 exterius
1309 1689 1414 1756 lucen-

270 1795 351 1861 cium
373 1812 502 1876 operum
524 1797 556 1858 et
578 1792 747 1859 efficacium
769 1795 989 1877 exemplorum.
1034 1795 1191 1877 Siquidem
1222 1795 1255 1859 in
1276 1795 1415 1860 bonitate

272 1903 305 1966 et
321 1898 421 1964 cordis
435 1898 632 1981 simplicitate
647 1899 804 1965 dominum
823 1903 996 1982 querentes,
1019 1900 1216 1982 negociorum
1230 1899 1413 1964 secularium

271 2003 356 2068 nulla
377 2006 446 2068 erat
458 2002 708 2083 eis'recordaci03
730 2004 787 2068 sed
801 2008 929 2086 peccata
941 2004 1097 2086 plangere,
1121 2004 1230 2068 divinis
1243 2003 1413 2083 intendere,

272 2126 306 2174 se
319 2109 404 2198 intra
424 2125 458 2172 se
481 2108 646 2187 continere,
670 2125 781 2190 corpus
803 2126 893 2173 suum
914 2108 1056 2174 servituti
1068 2108 1207 2174 subicere
1215 2106 1274 2190 (6),
1296 2106 1429 2189 solique.

272 2216 378 2277 eterne
393 2211 546 2295 sapiencie
566 2212 680 2293 iugiter
700 2212 859 2292 adherere,
882 2211 1055 2277 solhcitudo
1077 2216 1108 2276 et
1120 2210 1255 2276 intencio
1268 2213 1337 2275 toto
1345 2209 1413 2275 fuit.

272 2317 335 2383 Sed
351 2315 413 2382 heu
433 2316 589 2382 modernis
611 2317 801 2400 temporibus
822 2316 938 2382 mundo
960 2316 1023 2380 iam
1043 2319 1232 2394 senescente,
1255 2314 1305 2378 hic
1327 2334 1415 2381 amor

273 2420 393 2486 divinus
414 2419 447 2484 in
468 2421 636 2486 multorum
658 2420 800 2486 cordibus
821 2424 943 2484 tantum
956 2417 1004 2503 (7)
1026 2417 1181 2500 refriguit,
1211 2422 1247 2483 ut
1273 2437 1353 2501 pene
1373 2420 1415 2484 sit

272 2523 434 2605 extincta,
458 2527 490 2589 et
510 2525 602 2607 pauci
614 2524 811 2590 inveniantur
825 2524 879 2606 qui
893 2524 1051 2589 devocioni
1061 2523 1217 2603 studeant,
1240 2523 1294 2605 qui
1302 2541 1415 2588 novam

270 2628 407 2710 gratim
429 2647 463 2694 se
485 2627 715 2694 calefacientem
737 2632 877 2711 querant,
901 2628 954 2711 qui
967 2628 1074 2711 ymbre
1091 2626 1287 2692 lacrimarum
1308 2631 1414 2693 austro

269 2730 366 2799 flante
393 2752 428 2800 se
457 2734 593 2799 crebrius
615 2732 758 2815 perfundi
779 2734 952 2814 gaudeant,
976 2732 1029 2814 qui
1049 2732 1237 2798 visitacionis
1260 2732 1361 2797 divine
1383 2735 1415 2797 et

270 2836 466 2903 allocutionis
488 2855 622 2919 superne
644 2837 779 2918 graciam
809 2840 960 2919 querant3
994 2835 1050 2902 sed
1078 2836 1180 2901 studio
1209 2836 1354 2902 vanitatis
1383 2839 1416 2900 et

270 2940 436 3022 genealoiis
445 2940 493 3023 (8)
504 2940 710 3005 interminatis
732 2957 769 3004 ac
791 2939 905 3006 deliciis
928 2939 1136 3022 corporalibus
1151 2939 1346 3005 intendentes
1354 2938 1414 3023 (9),

269 3044 355 3111 letali
375 3044 509 3128 quodam
530 3063 642 3128 sopore
662 3043 750 3126 hgati
770 3047 923 3109 tenentur.
967 3043 1011 3108 At
1031 3061 1105 3110 vero
1127 3043 1230 3108 divina
1250 3043 1415 3128 sapiencia,

270 3148 430 3215 desoluto
452 3153 632 3214 cunctorum
653 3148 800 3228 sofficita,
833 3148 994 3214 hermala
1022 3147 1136 3213 electos
1157 3166 1229 3212 suos
1252 3148 1416 3212 emendare

270 3251 471 3334 semper(10)
494 3253 629 3334 cupiens,
652 3253 685 3317 in
698 3246 843 3336 'presenti
864 3270 958 3336 opere
975 3252 1108 3316 intendit
1128 3252 1339 3335 principaliter
1352 3271 1416 3317 non

271 3354 396 3436 quidem
409 3355 576 3423 informare
589 3344 769 3437 nescientes,
793 3375 829 3422 eo
842 3357 924 3438 quod
934 3357 996 3421 iam
1008 3357 1129 3440 repleta
1138 3357 1180 3422 sit
1191 3360 1276 3421 terra
1284 3357 1417 3422 sciencia
1548 3424 1550 3430 ,

229 3500 243 3529 ι
271 3458 396 3539 domini,
410 3461 466 3526 sed
477 3462 680 3527 reaccendere
690 3461 850 3541 extinctos,
862 3459 988 3542 frigidos
999 3459 1197 3540 inflammare,
1209 3478 1334 3525 movere
1345 3460 1414 3543 (11)

270 3561 409 3644 tepidos,
442 3563 603 3632 indevotos
625 3565 666 3631 ad
688 3564 885 3631 devononem
906 3581 1089 3646 provocare,
1112 3581 1150 3627 ac
1170 3581 1298 3646 sompno
1319 3563 1417 3644 nagh-

271 3665 378 3746 genoie
391 3665 460 3750 (12)
483 3670 642 3750 torpentes
663 3669 704 3734 ad
725 3668 875 3734 virtutum
896 3666 1089 3747 vigilanciam
1103 3667 1246 3730 excitare.
1279 3665 1371 3731 Unde
1384 3670 1417 3732 et

270 3788 399 3853 presens
421 3771 602 3854 opusculum
622 3773 656 3838 in
684 3772 801 3838 visione
834 3771 967 3854 quadam
995 3770 1052 3836 sub
1082 3771 1240 3836 cuiusdam
1266 3769 1417 3852 horologii

270 3873 479 3957 pulcherrimi,
495 3876 573 3940 rosis
586 3875 656 3960 (13)
668 3875 899 3958 speciosissimis
921 3874 1066 3956 decorati,
1089 3879 1121 3940 et
1135 3874 1342 3958 cymbalorum
1362 3875 1417 3941 be-

338 4014 372 4082 (1)
384 4017 516 4095 Superat
527 4021 641 4091 1,1.-
652 4012 686 4081 (²)
699 4017 777 4078 coP
789 4035 886 4079 coram
901 4036 945 4079 eo.
970 4018 1078 4093 Lual,
1096 4020 1199 4078 ts-
1210 4013 1244 4081 (3)
1256 4015 1416 4077 ABFGHJ

271 4121 399 4185 namque
419 4113 488 4165 tunc
510 4103 581 4165 deus
615 4103 692 4164 GDE
710 4123 836 4182 namque
859 4105 930 4166 dens
951 4112 1020 4165 tunc
1056 4105 1081 4163 Ρ
1093 4107 1168 4164 enim
1190 4111 1258 4165 tunc
1281 4105 1351 4163 dens
1372 4137 1416 4148 —-

273 4181 307 4256 (4)
323 4193 467 4266 Tbreal,
488 4193 600 4251 13.-
621 4186 655 4256 (5)
666 4190 739 4252 BJL
751 4192 839 4252 corda
854 4209 953 4253 eorum
984 4191 1124 4251 Heorum
1139 4190 1292 4251 corda-
1302 4185 1336 4254 (6)
1349 4189 1416 4251 Gor.

227 4281 477 4371 1,,.-927
499 4272 1103 4344 (7)1111111111ω-(8)1ωΗ(9)
1128 4278 1416 4351 Trnall,4.-

227 4336 324 4430 (10)
346 4363 400 4424 Ar
414 4382 528 4440 sempor
550 4364 756 4427 emendare-
777 4360 830 4431 (11)
850 4365 927 4425 EFP
941 4381 1057 4425 monere
1078 4394 1122 4417 -ν-
1143 4358 1195 4431 (12)
1216 4321 1272 4425 HL
1285 4363 1416 4443 neglisa-

272 4452 382 4512 cia-
336 4445 455 4517 -(1³)
476 4452 586 4513 Lrotis
650 4530 656 4540 Ι
