3232 5130
1308 366 1366 426 101

233 500 316 580 tecti,
340 500 425 566 cuius
446 489 655 565 misericerdia
676 501 795 580 salvati,
818 505 851 567 et
863 500 948 566 cuius
959 500 1097 581 bonitate
1115 500 1371 582 ineternumreg-

233 604 337 669 naturi
349 622 471 669 sumus:
493 603 619 687 Tibi(l)
631 603 698 669 laus
724 608 756 668 et
775 604 917 686 gloriain
930 604 1042 669 secula.
1073 602 1277 693 Circumspice
1284 622 1372 681 punc

234 712 266 772 et
287 707 357 772 vide
377 726 435 789 per
455 708 555 788 girum
576 726 705 788 regnum
725 708 784 773 hoc
806 708 982 789 gloriosum,
1005 708 1120 772 deliciis
1142 708 1320 790 repletum,
1339 709 1371 773 in

235 823 296 893 quo
319 829 388 876 cum
411 810 510 876 Cristo
532 813 668 892 gaudent
681 811 728 896 (2)
741 831 847 878 omnes
868 812 976 877 sancti.
1009 811 1059 874 En
1077 811 1135 876 hec
1148 815 1195 876 est
1207 812 1309 893 patria
1322 830 1371 877 ce·

234 916 329 995 lestis,
350 916 469 980 mansio
484 917 693 998 requietionis,
706 917 790 981 locus
810 916 1023 981 retribucionis
1043 921 1075 980 et
1094 934 1223 996 regnum
1241 917 1373 998 pernen*

235 1038 275 1084 ne
288 1019 335 1104 (3)
347 1018 510 1086 felicitatis.
543 1019 801 1087 DISCIPULUS:
826 1021 851 1084 0
874 1024 982 1102 stupor
996 1022 1028 1084 e‘t
1045 1021 1221 1111 ammiratio
1234 1020 1374 1087 inmensa

236 1122 275 1189 de
296 1128 454 1189 tantorum
475 1123 686 1208 profunditate
700 1124 917 1203 misteriorum,
935 1141 1056 1189 omnem
1069 1123 1259 1188 intellectum
1272 1129 1373 1190 trans·

236 1229 433 1293 cendencium
456 1233 488 1293 et
508 1228 566 1293 soli
587 1229 645 1293 deo
666 1228 757 1310 plene
779 1228 979 1309 cognitorum.
1013 1228 1040 1293 0
1062 1229 1189 1312 abyssus
1213 1229 1374 1311 inconpre-

234 1331 391 1397 hensibilis
414 1332 517 1396 divine
535 1330 767 1414 profunditatis,
791 1318 907 1413 quanta
927 1331 960 1395 in
981 1335 1013 1396 te
1034 1332 1133 1421 latent
1153 1328 1373 1416 mirabilia'(4).

238 1436 265 1501 0
288 1436 363 1518 qrrid
384 1435 485 1500 audio.
519 1435 599 1513 Quid
620 1436 719 1500 video.
753 1435 834 1513 and
847 1435 978 1517 denique
992 1436 1024 1500 in
1039 1437 1220 1519 memetipso
1234 1436 1375 1519 experior

236 1540 424 1622 magnalium
447 1540 496 1604 dei
518 1559 654 1622 operum,
679 1557 738 1627 que
759 1539 844 1604 nulla
859 1537 1013 1604 sufficeret
1038 1558 1183 1606 enarrare
1196 1540 1328 1624 lingua(
1349 1540 1373 1623 ),

236 1645 268 1709 in
291 1644 413 1711 civitate
433 1643 493 1709 hac
514 1643 656 1724 gloriosa.
696 1641 796 1708 Multa
825 1643 949 1725 quidem
978 1644 1111 1726 gloriosa
1140 1645 1315 1710 dictasunt
1336 1638 1376 1710 de

236 1753 268 1814 te
297 1749 403 1814 civitas
422 1737 499 1826 “dem
529 1747 584 1813 sed
613 1746 706 1812 nichil
735 1751 782 1812 est
810 1747 850 1812 ad
872 1738 992 1830 eaque
1011 1749 1043 1812 in
1064 1753 1096 1814 te
1116 1749 1216 1814 latent
1235 1749 1376 1831 insignia.

236 1853 318 1918 Vere
339 1870 421 1917 nunc
443 1852 586 1933 cognovi,
617 1851 689 1933 quia
717 1850 808 1917 verus
838 1856 886 1917 est
914 1871 1015 1918 sermo
1038 1872 1129 1935 quem
1151 1855 1253 1936 sepius
1274 1836 1377 1936 audivi

237 1975 330 2039 super
351 1957 539 2022 mirabilibus
561 1957 623 2020 tuis
646 1960 687 2020 et¹
699 1956 881 2038 gloriatua,
905 1962 936 2020 ot
957 1976 1020 2022 non
1042 1958 1205 2022 credebam
1222 1957 1377 2031 narranti-

237 2062 304 2141 bus,
328 2061 426 2126 donec
445 2060 512 2142 ipse
533 2060 612 2139 veni,
636 2064 667 2123 et
688 2061 750 2124 vidi
772 2061 867 2125 oculis
889 2062 975 2140 meis,
991 2066 1023 2125 et
1039 2062 1168 2143 probavi
1180 2063 1262 2143 quod
1275 2061 1377 2125 media
1399 2098 1400 2102 =

237 2182 310 2247 pars
331 2163 424 2228 michi
444 2163 589 2226 nunciata
610 2181 672 2227 non
693 2162 751 2226 fuit
762 2161 820 2246 (6).
861 2163 962 2228 Maior
983 2167 1031 2228 est
1051 2164 1206 2245 sapiencia
1227 2168 1259 2226 et
1279 2163 1378 2244 gloria

238 2273 294 2332 tua
306 2266 364 2351 (7),
388 2285 481 2348 quam
502 2254 608 2332 rumor
621 2272 721 2347 ‘quem
743 2266 855 2349 audivi.
888 2266 979 2332 Beati
999 2267 1057 2330 viri
1078 2267 1133 2346 tui,
1157 2271 1188 2331 et
1201 2267 1284 2330 beati
1296 2265 1378 2331 servi

239 2371 294 2451 tui,
315 2371 361 2435 bii
383 2371 435 2452 qui
456 2374 667 2446 stantcoram
689 2373 721 2434 te
739 2382 879 2453 semper,
897 2374 929 2434 et
950 2369 1080 2450 audiunt
1093 2370 1278 2452 sapientiam
1291 2373 1378 2434 tuam

221 2479 271 2541 'et
291 2475 397 2540 vident
419 2473 680 2557 gloriam‘tuam(
702 2472 725 2555 ).
766 2473 809 2537 Et
829 2492 911 2563 nunc
939 2470 993 2538 rex
1022 2473 1118 2555 glorie
1145 2473 1248 2538 liceat¹
1263 2473 1377 2539 famulo
1443 2528 1446 2534 ,

238 2583 299 2646 tuo
315 2579 473 2661 porrigere
494 2577 730 2660 peticiunculam
753 2577 876 2658 domino
898 2596 965 2657 suo,
988 2581 1019 2642 et
1037 2595 1076 2642 ne
1091 2577 1258 2644 confundas
1269 2576 1378 2649 faciem

240 2701 351 2749 meam.
384 2681 512 2747 Maneat
534 2681 660 2748 obsecro
681 2680 814 2747 famulus
835 2685 907 2747 tuus
928 2681 979 2746 hic
998 2682 1085 2761 iuxta
1105 2685 1137 2746 te
1165 2680 1323 2765 deinceps,
1346 2685 1379 2746 et

239 2804 302 2853 non
322 2791 497 2853 revertatur
516 2786 549 2851 in
571 2785 696 2851 domum
717 2784 814 2851 suain.
855 2785 1011 2879 ‚Siquidem
1023 2784 1071 2870 (9)
1081 2785 1171 2851 ualde
1186 2786 1308 2851 bonum
1330 2788 1379 2853 est

240 2910 296 2958 nos
317 2892 376 2956 hio¹
390 2910 466 2957 esse.
496 2890 579 2956 Audi
601 2909 697 2972 queso
719 2908 843 2956 servum
856 2894 946 2979 tuum
958 2889 1116 2955 humiliter
1128 2908 1232 2956 coram
1250 2894 1282 2957 te
1305 2875 1378 2973 pro·

240 2976 382 3078 stratum,
404 3002 437 3061 et
453 2995 493 3060 da
505 3013 587 3060 nunc
607 2995 709 3060 locum
730 2994 770 3059 ad
791 2993 977 3059 manendum
998 2999 1101 3060 tecum
1121 2995 1298 3059 incivitate
1318 2994 1378 3061 hac

240 3100 383 3182 gloriosa.
417 3099 651 3166 SAPIENCIA:
674 3098 705 3162 N
706 3117 887 3181 equaquam.
904 3084 1059 3164 ‘Necdum
1073 3100 1155 3166 enim
1176 3099 1318 3181 conpleta
1331 3101 1379 3177 est

240 3203 397 3269 humilitas
409 3202 478 3288 (10)
491 3204 584 3288 Syon,
616 3203 761 3269 Nondum
774 3186 940 3285 (lllvenit
960 3202 1037 3268 hora
1057 3207 1120 3266 tua.
1154 3202 1288 3285 Tempus
1300 3220 1379 3284 pug-

241 3307 335 3372 nandi
356 3308 412 3373 tibi
434 3308 538 3387 adest,
568 3326 630 3372 non
644 3306 712 3392 (12)
724 3307 810 3371 venit
829 3306 907 3371 hora
931 3306 1089 3388 regnandi.
1129 3292 1263 3389 Tempus
1284 3305 1380 3374 instat

241 3412 389 3492 merendi,
410 3431 473 3477 non
495 3410 794 3496 venit(l3)tempus
811 3410 1041 3483 remunerandi.
1070 3409 1285 3491 Viriliterage,
1308 3408 1380 3490 quia

243 3515 344 3581 adhuc
365 3516 464 3582 multa
486 3516 542 3581 tibi
563 3514 716 3583 debentur
734 3535 792 3599 pro
813 3513 874 3579 fide
896 3512 989 3578 Gristi
1009 3499 1184 3578 certamina.

623 3709 1011 3747 -ιΦΦ--α

308 3860 342 3929 (1)
363 3865 414 3924 FP
436 3864 490 3924 Oui
533 3866 561 3924 D
584 3866 710 3924 Ouitioi
752 3865 782 3923 K
803 3865 867 3925 Tibi
880 3866 935 3924 ¹cui
962 3897 1007 3907 -
1036 3858 1072 3930 (2)
1094 3816 1310 3940 DliLregnant
1335 3895 1381 3933 ·:··

244 3947 278 4016 (3)
300 3953 333 4011 id
353 3959 393 4011 est
411 3970 567 4027 peronae.
591 3951 783 4028 Dperhennis
804 3985 847 3994 —
869 3947 902 4015 (4)
925 3950 983 4009 DK
993 3949 1183 4010 miracula-
1204 3945 1238 4014 (5)
1260 3949 1382 4026 Lligwa

242 4071 287 4082 -
309 4035 342 4102 (6)
364 4039 422 4096 EM
433 4039 568 4097 suerit-
589 4033 623 4102 (7)
646 4038 706 4096 AM
717 4041 860 4114 sapiencia
872 4044 931 4117 ,tua
953 4044 981 4096 et
1001 4037 1092 4114 gloria
1112 4044 1163 4098 tua
1207 4037 1382 4113 CPsapien-

244 4127 288 4186 cia
310 4131 360 4185 tua
382 4133 411 4184 et
430 4125 521 4201 gloria
548 4158 593 4168 -
615 4120 649 4189 (8)
672 4125 744 4200 Roga
770 4125 835 4198 ΙΙΙ,
862 4128 915 4197 10,
945 4126 1011 4184 6-8.
1038 4157 1082 4167 -
1104 4119 1137 4189 (9)
1159 4123 1306 4199 Siquidem
1333 4141 1386 4192 om,

244 4211 356 4271 CDHK
377 4245 420 4254 -
441 4206 492 4275 (1⁰)
513 4211 611 4283 Fadd
631 4218 690 4273 tua.
715 4212 820 4270 ibren.
841 4215 869 4284 4,
891 4215 937 4270 22.
965 4244 1009 4255 -
1038 4205 1089 4275 (1¹)
1116 4211 1145 4271 K
1169 4211 1304 4272 Nondum
1347 4208 1380 4270 M

243 4297 374 4360 Necdum
405 4332 450 4342 -
471 4293 523 4363 (Ῑῖ)
546 4296 595 4358 DJ
606 4297 733 4368 nondum
775 4297 971 4361 AKnundum
1015 4297 1063 4357 ΟΡ
1073 4298 1195 4361 necdum
1223 4300 1267 4351 '—
1288 4294 1381 4366 (13)]

244 4385 370 4444 nondum
392 4388 469 4446 venit
512 4384 540 4446 A
562 4384 659 4447 Jnstat
680 4391 792 4462 tempus
811 4385 1064 4458 merendi,*veniet
