3232 5130
230 340 292 400 156

154 529 160 536 -
233 491 384 557 Doctrina
403 509 483 571 mea,
506 491 575 573 ipsa
596 490 656 554 erit
675 489 741 556 vita
760 493 825 554 tna.
858 489 962 571 Jgitnr
983 490 1143 555 exordium
1157 490 1316 573 discipline
1325 508 1384 556 sa-

231 593 341 660 lauru
363 612 383 658 a
403 595 516 683 umore
537 595 654 660 domini
675 594 864 672 inchoantes,
888 593 1136 676 qui(l)inicium
1152 598 1200 660 est
1212 595 1382 676 sapiencie,

229 699 344 764 docebo
366 702 399 762 te
419 697 598 781 hic(2)per
620 699 775 764 ordinem:
808 697 913 762 Primo
943 697 1076 778 qualiter
1100 697 1294 763 moriendum
1317 699 1382 763 sit:

229 801 343 867 Postea
365 802 496 882 qualiter
516 803 697 866 vivendum:
720 801 842 866 Deinde
864 802 997 883 qualiter
1011 819 1062 866 me
1076 802 1189 867 debeas
1202 819 1384 867 mamen-

229 906 335 970 taliter
362 905 515 986 recipere,
546 910 578 969 et
607 906 732 970 demum
762 905 914 985 quomodo
942 909 1153 986 puramente
1182 924 1232 969 me
1263 905 1383 972 debeas

229 1010 343 1090 iugiter
363 1009 500 1073 laudare.
535 1007 592 1073 Grai
613 1009 797 1091 discipulus:
820 1008 889 1074 Hoc
910 1014 959 1074 est
981 1010 1113 1074 domine
1126 1028 1177 1092 my
1192 1011 1275 1090 quod
1296 1028 1384 1074 sem·

229 1113 413 1196 peroptavi
436 1116 468 1177 et
488 1113 569 1178 votis
592 1113 732 1178 omnibus
755 1113 904 1194 exquisivi
916 1113 974 1197 (3).
1008 1113 1035 1178 0
1064 1113 1091 1179 si
1118 1114 1229 1178 scirem
1249 1113 1306 1178 has
1327 1131 1383 1177 ar·

230 1221 281 1282 tes
299 1217 488 1295 utilissimas,
511 1216 653 1280 videlicet
673 1216 803 1281 feliciter
823 1217 919 1296 mori,
942 1221 974 1281 et
994 1218 1073 1282 bene
1094 1218 1206 1296 vivere,
1233 1222 1266 1281 te
1285 1216 1383 1283 affec·

229 1325 319 1386 tuose
339 1321 487 1402 recipere,
510 1339 547 1385 ac
558 1320 606 1403 (4)
618 1321 729 1385 devote
746 1321 889 1386 laudare:
913 1321 987 1403 quid
1004 1322 1136 1403 amplius
1149 1322 1263 1386 vellem
1274 1321 1382 1403 requi·

230 1424 321 1490 rere?
353 1424 416 1490 Sed
436 1443 531 1506 queso
555 1424 733 1504 dionidi,
765 1425 806 1490 ud
828 1425 901 1506 quid
922 1424 1050 1506 prodest
1071 1424 1129 1489 hec
1150 1425 1290 1490 doctrina
1311 1443 1381 1490 mo-

82 1577 96 1590 „
230 1527 339 1608 mendi,
362 1546 431 1592 cum
453 1546 538 1593 mors
559 1547 622 1593 non
644 1527 767 1592 habitus
789 1529 846 1592 sed
861 1529 997 1610 privacio
1009 1546 1077 1594 esse
1092 1532 1303 1610 cognoscatur.
1327 1527 1381 1592 Ad

230 1630 288 1696 he'c
297 1632 468 1713 sapiencia:
484 1631 618 1700 Multum
627 1650 685 1714 per
699 1651 822 1697 omnem
836 1633 962 1697 modum
974 1632 1032 1715 (5).
1062 1633 1201 1699 sciencia
1215 1631 1383 1712 utilissima

123 1818 127 1825 .
231 1739 264 1800 et
285 1736 402 1805 umetis
417 1736 536 1821 antibus
547 1735 732 1818 preferenda
746 1740 794 1820 est
811 1735 868 1800 hec
881 1736 1022 1827 sciencia,
1041 1738 1119 1802 scire
1132 1736 1276 1827 videlicet
1288 1735 1381 1804 mori,

209 1838 317 1923 ·Scire
338 1841 462 1922 quidem
484 1858 518 1905 se
540 1840 802 1918 essemortalem
825 1824 966 1905 omnibus
989 1857 1139 1905 conmune
1161 1845 1218 1920 est,
1242 1848 1382 1905 eumne·

230 1932 350 2008 mosit-
367 1944 419 2025 qui
441 1961 564 2025 semper
585 1945 669 2008 vivat
689 1943 740 2008 rel
762 1943 814 2024 qui
835 1943 925 2008 hunius
947 1943 993 2007 rei
1013 1941 1157 2008 fiduciam
1171 1943 1293 2008 habeat.
1316 1942 1381 2008 Sed

229 2047 430 2128 paucissimos
451 2048 588 2112 invenies
610 2043 663 2130 qui
685 2047 867 2133 sciremori
888 2044 1002 2125 sciant3
1026 2047 1178 2129 quiahoc
1201 2046 1380 2113 donumdei

229 2148 452 2242 permaximum
474 2155 531 2216 est.
553 2152 649 2217 ‘Scire
670 2170 804 2233 namque
826 2152 921 2230 mori,
953 2155 1001 2216 est
1022 2155 1166 2233 paratum
1188 2150 1303 2215 habere
1324 2168 1382 2216 cor

234 2259 267 2319 et
287 2255 429 2320 animam.
444 2257 527 2321 omni
549 2260 689 2338 tempore
709 2258 750 2322 ad
772 2274 922 2338 superna,
951 2259 988 2318 ut
1016 2256 1273 2336 quandocumque
1293 2272 1381 2319 mors

229 2359 348 2422 venerit
359 2359 417 2441 (6),
440 2363 584 2441 paratum
597 2378 668 2424 eum
681 2360 826 2439 inveniat,
841 2363 878 2423 ut
891 2359 1007 2440 absque
1021 2359 1105 2424 omni
1124 2358 1318 2423 retraccione
1326 2357 1379 2440 (7)

109 2500 111 2505 ·
230 2478 299 2525 eam
319 2462 462 2544 recipiat,
493 2464 580 2544 quasi
608 2464 661 2545 qui
682 2464 758 2529 socii
776 2464 825 2529 sui
847 2463 950 2528 dilecti
971 2462 1139 2526 adventum
1165 2463 1376 2527 desideratum

129 2577 132 2580 ·
230 2569 380 2646 expectat.
414 2565 475 2631 Sed
496 2566 682 2649 prochdolor
702 2568 735 2631 in
756 2580 819 2632 non
840 2567 931 2631 nullis
952 2565 1113 2646 religiosis,
1135 2566 1214 2630 sicut
1235 2566 1313 2630 etin
1328 2583 1379 2630 se-

231 2669 291 2732 culi
318 2668 492 2734 hominibus
522 2671 626 2749 vanis,
656 2669 746 2735 valde
775 2670 889 2735 multos
910 2669 1046 2734 invenies
1069 2669 1122 2750 qui
1143 2672 1275 2733 mortem
1295 2668 1379 2733 hanc
1423 2700 1431 2711 ·

230 2777 354 2845 tantum
377 2765 554 2851 abhorrent,
531 2776 613 2836 tut
633 2768 684 2838 dx
705 2775 771 2839 eius
792 2774 972 2839 memoriam
994 2773 1105 2837 admit
1078 2778 1158 2837 ttere
1171 2773 1274 2837 velint.
1305 2771 1379 2836 Dis-
1425 2818 1433 2841 ι

232 2870 386 2958 οθᾱιιιθ(8
388 2874 453 2956 )de
475 2875 533 2940 hoc
562 2877 677 2942 mundo
705 2878 815 2942 nolunt
823 2878 934 2960 ‚quia
961 2877 1040 2957 scire
1069 2877 1148 2942 mori
1176 2876 1376 2960 nondum(9)
1431 2900 1435 2907 ·

153 2980 158 2986 '
233 2977 414 3042 didicerunt.
449 2978 491 3043 Jn
505 2960 686 3062 vaniloquiis
700 2985 732 3045 et
744 2982 818 3057 iocis
831 2981 900 3065 (10)
913 2985 945 3045 et
959 2980 1195 3045 scurrilitatibus
1218 2998 1254 3044 ac
1266 2983 1315 3045 cet
1316 2980 1378 3045 eris

233 3081 382 3149 similibus
405 3084 602 3171 supervacuis
623 3084 715 3149 rebus
737 3085 816 3148 mult
802 3090 869 3148 tum
883 3085 956 3149 det
942 3087 1082 3165 tempore
1103 3102 1160 3149 suo
1182 3082 1376 3164 expendunt3

231 3188 264 3249 et
285 3185 354 3250 ideo
377 3203 448 3250 cum
470 3203 512 3250 ex
530 3178 638 3267 timplo
659 3206 743 3253 mors
765 3187 929 3269 superveni
929 3182 1044 3270 ι,’(11)
1059 3187 1131 3269 quia
1152 3188 1233 3251 male
1249 3191 1377 3268 paratos

229 3288 361 3373 invenit,
384 3290 530 3354 miseram
553 3291 686 3354 ammam
708 3292 746 3356 de
758 3310 897 3374 corpore
918 3291 1001 3372 rapit
1023 3296 1055 3354 et
1076 3290 1117 3355 ud
1138 3290 1300 3355 iehennam
1323 3292 1376 3356 de-

233 3393 328 3475 ducit,
305 3394 471 3460 tsicute
454 3383 663 3499 etquondam
684 3396 739 3460 tibi
762 3414 883 3477 quoque
904 3395 1097 3476 frequencius
1114 3393 1376 3478 iconum(12)in-

229 3504 378 3580 posuerat
400 3503 467 3563 ett
453 3493 611 3583 tesecum
634 3486 785 3565 abduce're
806 3500 938 3578 volebat,
961 3500 987 3563 si
1008 3518 1117 3564 manus
1139 3499 1375 3564 miseracionum

230 3601 345 3667 doniini
366 3608 429 3667 non
449 3603 531 3691 obsti
531 3604 628 3669 tisset.
671 3603 718 3694 Tu
740 3607 794 3668 aut
795 3623 844 3668 em
866 3621 947 3668 nunc
968 3621 1065 3668 vacua
1086 3604 1191 3668 vacuis
1220 3603 1375 3685 relinquas

228 3708 260 3770 et
284 3706 516 3772 doctrine.mee
538 3707 692 3786 intendas,
716 3726 776 3789 que
797 3707 853 3772 tibi
873 3707 972 3790 magis
992 3708 1133 3788 proderit
1155 3710 1247 3796 quum
1264 3725 1374 3771 aunam
1444 3758 1446 3762 ,

294 3909 330 3979 (1)
354 3915 528 3991 GHJKque
572 3916 686 3991 Lquod
714 3911 816 3982 -(ῗ)
840 3918 996 3978 epirote
1039 3911 1190 3976 AGHKM
1201 3923 1228 3975 te
1250 3917 1304 3977 hec
1348 3917 1373 3976 B

228 4006 257 4060 to
279 4008 308 4059 ct
329 4002 384 4061 hec
406 4035 450 4046 —
473 3997 509 4068 (3)
533 4003 580 4060 GP
593 4005 702 4078 quesivi
723 4035 768 4047 -
790 3997 825 4068 (4)
848 4000 899 4064 DJ
908 4012 938 4063 et
980 4005 1050 4063 Ket
1072 4010 1154 4064 te—
1177 3998 1213 4068 (5)
1237 4003 1322 4062 Rom.
1345 4006 1374 4076 3,‘

227 4090 320 4147 2.-
285 4090 288 4095 ’
342 4083 379 4153 (6)
400 4087 421 4148 J
432 4088 581 4148 advenerit
625 4088 702 4148 ODP
715 4091 872 4148 veniat.—
894 4084 930 4155 (7)
953 4090 1031 4149 ΑΒΕ
1043 4092 1248 4149 retractacione
1283 4091 1374 4148 Mre-

227 4172 453 4234 tardacione-
474 4169 511 4239 (8)
501 4173 740 4250 l3EDecedere
763 4174 833 4236 bros
856 4176 929 4235 CEP
940 4179 1033 4237 ab
1050 4172 1086 4242 (9)
1108 4175 1310 4235 KMnundum
1331 4210 1375 4219 -

227 4252 282 4322 (10)
303 4260 369 4320 Eet
390 4263 460 4322 ociis
482 4270 511 4324 et
532 4264 601 4322 iocis
637 4261 733 4322 Gin
725 4264 795 4322 nocis
833 4262 1046 4324 GDPiocis—
1068 4257 1121 4327 (¹¹)
1144 4261 1374 4339 DKMPsuper-

228 4348 400 4404 venerit—
408 4341 476 4411 (¹²)
500 4347 581 4408 Ans
578 4366 677 4409 renum
699 4349 912 4426 frequencius
