3232 5130
1335 404 1376 466 23

233 536 375 603 lectabile
396 519 669 618 ac(l)i0cundum
692 536 889 617 occurrisset,
923 541 1024 602 totum
1051 537 1124 602 illuc
1136 538 1183 621 (a)
1194 539 1375 619 reducebat,

234 660 253 707 a
282 659 343 723 quo
372 639 455 704 bona
482 645 593 703 cuncta
613 638 661 722 (3)
679 640 898 722 procedebant.
945 639 1022 706 (hun
1055 641 1211 704 interdum
1244 642 1378 722 quelibet

233 745 351 827 species
374 741 513 806 amabihs
536 746 567 804 et
588 742 667 806 bene
690 748 815 824 compta
835 745 1029 823 occurrisset,
1055 744 1207 825 simulque
1229 745 1377 824 cogitacio

235 848 359 913 adesset
381 846 465 927 quod
486 845 597 910 saltem
619 845 677 910 hec
698 846 894 927 pulchritudo
923 848 956 911 in
984 865 1042 911 sua
1070 849 1194 912 amabili
1224 847 1379 930 sapiencia

234 952 336 1016 locum
357 968 421 1015 non
443 948 582 1028 haberet,
605 950 828 1030 respondebat:
851 951 938 1014 Esto.
973 950 1034 1015 Sed
1048 951 1378 1017 necluminosussola·

234 1056 277 1120 ris
305 1054 411 1118 radius
425 1053 473 1136 (4)
485 1057 533 1118 est
564 1053 669 1116 lumen
691 1054 770 1132 tale,
807 1054 889 1134 quod
901 1054 948 1137 (b)
960 1055 1001 1119 sit
1023 1073 1060 1119 ex
1082 1056 1212 1119 materia
1240 1073 1309 1120 cere
1329 1055 1379 1119 vel

236 1158 343 1240 quovis
365 1158 426 1222 alio
448 1157 568 1238 liquore
591 1156 782 1235 confectum3
817 1161 864 1222 est
892 1163 996 1222 tamen
1025 1158 1078 1222 lux
1099 1159 1206 1239 purior
1227 1163 1259 1221 et
1280 1158 1379 1222 excel·

234 1262 351 1327 lencior
372 1261 456 1326 omni
476 1261 593 1324 lumine
623 1279 660 1324 ex
691 1279 882 1342 quacumque
911 1263 1042 1325 materia
1069 1260 1161 1325 facto.
1202 1260 1252 1325 Sic
1279 1262 1379 1326 estin

235 1365 404 1447 proposito.
446 1364 527 1428 Nam
548 1364 606 1428 hec
628 1364 825 1446 pulchritudo
847 1365 941 1429 nichil
963 1369 1011 1430 est
1032 1365 1073 1429 ad
1094 1364 1153 1430 hoc
1174 1365 1257 1446 quod
1279 1365 1379 1428 estin

236 1488 292 1534 suo
315 1468 483 1550 exemplari
503 1469 664 1549 principio,
688 1468 780 1533 corde
794 1468 910 1532 scilicet
923 1469 1034 1532 divina
1068 1468 1232 1532 Abstracto
1246 1486 1380 1549 namque

236 1572 356 1637 abhoc
377 1572 503 1635 amabih
526 1572 675 1653 quidquid
696 1576 743 1635 est
765 1571 1012 1653 inperfeccionis‚
1035 1572 1262 1636 materialitatis
1284 1575 1316 1635 et
1335 1570 1350 1635 f
1366 1605 1380 1618 ·

237 1675 373 1740 culencie
386 1675 433 1758 (6)
458 1675 635 1756 corporalis,
659 1679 691 1739 et
711 1676 797 1740 salvo
820 1694 857 1740 eo
880 1676 962 1757 quod
984 1679 1032 1740 est
1052 1675 1251 1758 perfectionis
1273 1680 1305 1740 et
1325 1676 1380 1740 hc-

236 1780 359 1859 nitatis,
389 1779 448 1844 hoc
479 1782 580 1843 totum
602 1778 744 1844 nobiliori
765 1783 798 1842 et
820 1780 1017 1853 eminenciori
1037 1781 1129 1845 modo
1152 1780 1251 1845 estin
1273 1783 1381 1843 eterna

237 1883 409 1965 sapiencia,
441 1900 534 1963 quam
556 1884 650 1947 sitin
672 1883 731 1947 hac
752 1883 801 1948 vel
823 1885 855 1947 in
877 1883 980 1965 ahqua
1002 1889 1152 1948 creatura.
1193 1884 1241 1947 Ex
1266 1883 1326 1948 hiis
1348 1887 1380 1947 et

237 1987 386 2053 similibus
409 1986 589 2051 adolescens
610 1987 768 2068 predictus
791 1988 831 2051 ad
858 1987 917 2051 hoc
949 1988 1075 2051 tandem
1096 1989 1252 2069 pervenit,
1285 1992 1321 2051 ut
1331 1987 1380 2071 (7)

238 2092 495 2173 quandocumque
510 2091 635 2155 audivit
658 2091 847 2156 canthilenas
859 2091 908 2174 (8)
919 2110 1077 2156 amorosas
1090 2093 1140 2156 vel
1156 2092 1276 2171 simiha,
1299 2090 1382 2172 quod

237 2195 294 2259 hec
316 2196 419 2260 omnia
440 2195 480 2259 ad
502 2214 591 2258 suam
613 2213 707 2275 quam
730 2195 877 2275 dihgebat
898 2196 1084 2276 sapienciam
1097 2196 1261 2276 purissimo
1281 2195 1382 2259 cordis

238 2298 360 2379 affectu,
382 2306 541 2380 tamquam
564 2299 677 2363 amoris
700 2299 797 2380 ipsius
818 2299 1018 2362 incitamenta
1038 2298 1263 2380 retorquebat(
1284 2298 1308 2381 ).
1354 2298 1380 2363 Ο

239 2404 383 2485 quociens
406 2402 486 2466 hanc
508 2402 773 2484 predulcissimam
786 2402 856 2484 (10)
869 2403 969 2467 cordis
992 2402 1040 2467 sui
1054 2402 1240 2489 singularem
1251 2402 1382 2465 amicam

239 2504 352 2570 affectu
373 2505 592 2586 fervidissimo,
628 2507 723 2572 oculis
752 2507 835 2571 dulci
846 2505 1042 2591 (memoris
1071 2504 1146 2570 fletu
1174 2505 1380 2584 stillantibus,
1452 2531 1456 2551 ·

239 2610 435 2692 brachiisque
456 2612 570 2675 amoris
592 2629 648 2692 pre
670 2611 818 2676 aviditate
847 2611 994 2689 extentis,
1024 2611 1107 2675 intra
1136 2610 1236 2675 cordis
1264 2610 1382 2674 viscera

241 2714 432 2797 amplexibus
453 2714 708 2780 inenarrabihbus
731 2716 921 2780 constrinxit.
955 2715 1031 2793 Quis
1053 2714 1154 2779 dicere
1175 2713 1277 2778 valeat
1296 2731 1381 2779 umo-

239 2838 326 2885 rosos
348 2820 474 2884 obtutus
497 2818 608 2900 quibus
629 2820 732 2901 sepius
754 2820 793 2883 ab
816 2838 853 2883 ea
866 2819 1061 2900 pascebatur,
1084 2823 1116 2883 et
1126 2821 1246 2883 secreta
1255 2816 1381 2882 silencia

240 2923 349 3003 quibus
380 2922 555 2988 dulcissimo
585 2927 679 3003 gustu
708 2923 773 2987 eius
804 2922 964 2989 fruebatur
991 2921 1176 3003 presencia?
1217 2920 1382 2985 Jnterdum

240 3043 362 3108 quoque
385 3046 454 3091 curn
476 3027 571 3108 ahqui
593 3028 632 3090 de
653 3025 800 3092 iratribus
823 3027 905 3090 dicta
926 3045 1008 3090 nona
1036 3026 1194 3090 hccnciam
1221 3027 1380 3107 peterent,

207 3166 210 3171 -
239 3133 277 3192 ut
298 3130 452 3194 civitatem
473 3131 578 3211 gracia
607 3130 752 3195 visitandi
780 3131 894 3196 amicos
923 3131 1039 3195 intrare
1068 3134 1211 3211 possent,
1244 3127 1381 3210 prefatus

240 3233 357 3298 iuvenis
378 3239 531 3300 secretrun
552 3235 654 3300 locum
676 3236 787 3317 peciit,
825 3239 857 3298 et
885 3236 1016 3299 amicam
1043 3253 1131 3299 suam
1159 3233 1274 3315 alloqui
1301 3231 1383 3314 cepit

242 3337 361 3402 dicens:
395 3339 463 3422 Eya
492 3340 605 3425 amoris
635 3340 784 3421 magistra
811 3357 868 3421 pre
897 3339 1013 3404 cunctis
1034 3339 1186 3404 viscerosa
1207 3337 1292 3402 cordi
1311 3354 1382 3403 meo

241 3441 391 3523 inpressa,
414 3444 625 3514 animadverte
647 3444 729 3527 quod
743 3462 831 3508 amor
839 3443 938 3508 uirtus
949 3442 1076 3524 est(12)
1086 3441 1213 3521 unitiva,
1236 3441 1382 3522 copulans

241 3547 291 3611 vel
313 3548 419 3628 pocius
441 3546 665 3615 transformans
687 3553 843 3613 amantem
863 3547 896 3611 in
918 3550 1064 3610 amatum.
1103 3546 1171 3626 Eya
1197 3563 1292 3626 queso
1311 3542 1383 3607 veni

242 3655 275 3716 et
296 3654 332 3714 tu
354 3651 453 3715 amica
473 3670 559 3732 mea,
592 3654 663 3718 veni
691 3654 774 3717 intra
805 3651 905 3716 cordis
933 3649 994 3714 mei
1021 3648 1221 3713 reclusorium
1249 3647 1305 3711 tibi
1325 3645 1384 3711 soli

241 3759 448 3834 reservatum,
483 3773 589 3821 amore
617 3762 671 3822 tuo
698 3757 790 3821 velud
812 3756 922 3820 decore
948 3772 1037 3819 roseo
1066 3752 1259 3817 adomaturn.
1302 3750 1383 3816 Veni

241 3860 367 3940 inquam
389 3863 421 3923 et
442 3859 484 3923 ibi
505 3859 690 3925 inebriemur
713 3861 932 3926 consolacionis
947 3864 1000 3924 tue
1018 3857 1171 3935 uberibus,
1194 3860 1227 3937 et
1242 3853 1382 3919 fruamur

243 3963 353 4046 cupitis
383 3963 573 4045 amplexibus
587 3963 667 4047 (13).
700 3965 805 4047 Jgitur
826 3984 864 4030 ex
889 3964 948 4030 hiis
971 3968 1003 4028 et
1030 3962 1177 4030 similibus
1205 3961 1383 4043 frequenter

309 4119 342 4186 (1)
366 4122 505 4183 ACPaut
538 4124 559 4183 J
570 4141 622 4182 seu
638 4120 726 4187 -(2)
749 4120 943 4187 Atilio—(3)
966 4123 1289 4196 AGDPcunctabona3
1310 4136 1383 4179 moa

242 4210 295 4269 JM
308 4211 467 4286 procedunt
486 4243 531 4254 -
553 4206 586 4274 (4)
611 4210 658 4269 ΟΡ
669 4212 765 4271 radius
775 4212 875 4271 solaris
888 4245 932 4255 -
953 4207 987 4276 (5)
1011 4211 1107 4269 Cadd
1121 4213 1161 4268 sic
1181 4240 1226 4251 —-
1247 4203 1281 4270 (⁶)
1304 4206 1383 4267 (ΗΜ

241 4296 447 4356 fetulencie—
462 4291 495 4361 (7)
512 4295 560 4357 GP
576 4297 653 4373 quod
674 4331 718 4341 —
740 4294 774 4363 (8)
798 4299 851 4358 CH
866 4298 1082 4358 cantclenas-
1104 4291 1138 4360 (9)
1158 4292 1215 4357 BD
1230 4294 1384 4370 torquebat

242 4416 286 4426 -
307 4378 359 4447 (1⁰)
381 4382 431 4443 Α.)
441 4383 705 4460 praedilectissimum
726 4419 771 4429 —
792 4381 843 4448 (11)
866 4384 974 4446 ACDP
988 4383 1079 4443 dulcia
1091 4416 1135 4427 -
1156 4377 1208 4448 (1²)
1229 4380 1383 4447 enardi.

242 4479 287 4530 est
309 4472 398 4530 virtus
419 4504 462 4517 --
484 4466 535 4534 (13)
559 4473 651 4532 Pron.
671 4474 767 4546 7,18.
1240 4526 1247 4535 .
