3000 5196
180 373 243 434 150

176 506 318 571 doctores
340 503 372 564 et
388 495 553 577 discipulos
566 493 708 559 habebat.
738 492 843 558 Prima
857 511 917 576 que
929 499 962 559 et
975 493 1110 576 inferior,
1124 495 1334 581 videlicet(1)

174 607 346 674 liberalium
369 601 486 666 arcium
508 603 540 664 et
561 598 809 675 mechanicarum
837 615 874 663 ac
902 598 1166 682 phylosophorum
1187 600 1335 668 diverso·

174 730 259 790 rum,
289 709 483 773 innumeram
504 702 734 774 multitudinem
757 701 944 766 continebat.
978 702 1030 768 Jbi
1052 704 1200 786 astrologi
1218 704 1254 768 in
1275 723 1334 772 as·

175 813 306 879 trolabio
328 830 384 876 suo
406 807 563 873 ludebant.
596 805 710 871 Phisici
732 809 861 871 naturas
883 824 987 870 rerum
1009 807 1163 872 subtiliter
1183 808 1334 874 conside-

173 918 294 983 rabant.
328 910 514 978 Geometrici
536 928 606 974 cum
620 909 860 975 dimensionibus
872 908 921 992 (2)
932 927 966 974 se
981 911 1182 991 occupabant.
1211 910 1334 978 Musici

175 1000 286 1086 certas
299 1036 409 1083 vocum
431 1014 651 1098 proportiones
674 1014 806 1093 dabant3
829 1018 869 1078 et.
883 1014 1018 1096 quelibet
1044 1013 1174 1080 facultas
1202 1032 1332 1097 eaque

174 1124 215 1188 ad
238 1141 272 1188 se
293 1120 490 1203 pertinebant
511 1118 675 1182 tractabat.
710 1117 800 1195 Quod
818 1117 1008 1189 medicorum
1022 1121 1099 1197 erat,
1114 1117 1227 1183 medici
1240 1122 1332 1183 trac-

172 1227 297 1304 tabant3
326 1223 448 1289 fabrilia
473 1221 562 1286 fabri.
603 1220 719 1285 Verum
748 1221 792 1285 hii
821 1240 928 1287 omnes
957 1221 1046 1303 quasi
1067 1222 1206 1287 velamen
1227 1241 1331 1304 super

172 1329 282 1415 sedern
294 1325 468 1410 (3)'habere
489 1324 690 1403 videbantur;
714 1328 746 1388 et
768 1343 837 1389 cum
860 1330 929 1390 estu
950 1325 1220 1390 vehementissimo
1234 1325 1329 1391 labo-

172 1420 351 1513 rarent(4),'
374 1411 455 1495 dirici
477 1428 611 1510 quodam
632 1427 747 1509 poculo
765 1429 995 1516 recreabantur,
1013 1426 1102 1511 ‘quod
1119 1433 1224 1493 tamen
1237 1430 1327 1494 sitim

173 1536 361 1617 adplenum
383 1551 446 1597 non
468 1532 688 1612 extinguebat,
712 1533 767 1597 sed
779 1532 828 1616 (5)
840 1522 1016 1611 ariditatem
1038 1551 1205 1614 generans,
1233 1533 1327 1600 sitire

174 1639 273 1720 magis
296 1636 452 1716 armagis
474 1634 615 1726 faciebat.
649 1635 689 1700 Jn
713 1635 823 1717 quibus
845 1637 935 1702 scolis
958 1637 1032 1701 dum
1052 1637 1208 1719 predictus
1230 1636 1328 1714 disci-

173 1736 264 1824 pulus
285 1740 444 1822 paululum
467 1728 670 1818 substitisset,
693 1744 818 1819 gustato
840 1740 1016 1806 huiusmodi
1036 1728 1146 1823 poculo
1172 1759 1324 1806 nauseam

173 1846 287 1910 babere
318 1844 408 1926 cepit.
449 1843 549 1921 Quam
579 1843 617 1906 ob
647 1830 771 1907 causam
801 1843 858 1909 has
880 1845 1057 1925 resignans,
1087 1845 1128 1909 ad
1153 1843 1325 1910 secundam

172 1951 363 2015 mansionem
385 1948 522 2012 accessit.
556 1946 635 2010 Erat
656 1951 760 2010 autern
773 1935 902 2012 'mansio
924 1947 978 2012 illa
998 1947 1128 2030 pulchra
1153 1948 1259 2027 valde,
1290 1953 1325 2014 et

161 2055 252 2140 'mira
273 2053 423 2117 varietate
444 2052 636 2133 picturarum
658 2050 813 2114 decorata.
848 2050 949 2116 Stans.
963 2052 1058 2133 igitur
1080 2056 1153 2117 ante
1172 2052 1323 2131 hostium,

170 2157 266 2222 talem
280 2156 397 2237 reperit
409 2155 521 2220 ibidem
536 2139 848 2235 superscripcionem:
864 2155 931 2220 Hec
945 2161 993 2220 est
1006 2157 1090 2221 scola
1102 2156 1261 2238 theoloyoe
1270 2157 1323 2239 (6)

172 2261 328 2339 veritatis,
359 2260 411 2324 ubi
433 2259 582 2341 magistra
597 2263 711 2322 eterna
733 2259 905 2340 sapiencia,
937 2260 1078 2325 doctrina
1098 2261 1225 2338 veritas,
1249 2257 1323 2325 finis

173 2368 281 2429 eterna
301 2362 441 2427 felicitas.
476 2363 592 2441 Quibus
614 2348 758 2443 perlectis
780 2361 964 2428 festinanter
986 2364 1134 2444 accurrit,
1165 2368 1197 2428 et
1219 2363 1323 2430 scolas

173 2466 309 2545 intravit,
333 2456 459 2548 cupiens
480 2466 554 2531 totis
576 2466 744 2531 visceribus
766 2466 857 2531 huius
880 2466 962 2532 scole
986 2465 1152 2548 discipulus
1166 2485 1243 2546 esse,
1264 2486 1328 2549 per

175 2554 268 2651 quani
289 2570 434 2651 sperabat
456 2589 490 2635 se
511 2571 552 2664 ad
574 2567 667 2634 finem
689 2570 898 2635 desideratum
926 2571 1096 2652 pervenire.
1129 2570 1269 2635 Fuerunt
1289 2571 1325 2637 in

173 2673 233 2738 hac
254 2674 338 2739 scola
359 2677 423 2738 tres
449 2674 643 2741 studencium
666 2674 789 2739 ordines
811 2678 905 2754 atque
928 2674 1098 2740 doctorum.
1132 2675 1262 2753 Quidam
1288 2676 1325 2742 in

173 2781 258 2842 terra
278 2795 376 2865 prope
397 2777 522 2844 ianuam
544 2777 703 2857 sedebant,
726 2761 820 2859 gustu
842 2781 992 2858 carentes,
1015 2782 1048 2843 et
1067 2778 1186 2844 vidium
1208 2778 1249 2859 ad
1268 2797 1325 2843 ex-

68 2901 71 2905 ·
174 2872 290 2950 teriora
311 2899 494 2957 conversum
514 2880 674 2949 habentes.
715 2880 757 2946 Jn
786 2898 840 2947 ore
870 2900 976 2946 eorum
1006 2882 1117 2947 mellea
1138 2882 1323 2966 quoque(7)

173 2984 277 3065 rerba,
299 2986 337 3049 ab
361 3003 414 3050 ore
436 2985 589 3066 sapiencie
607 2984 819 3066 procedencia,
842 2986 875 3049 in
889 2985 1041 3067 liquorem
1057 2984 1181 3050 felleum
1195 2984 1324 3051 conver-

174 3089 328 3153 tebantur.
356 3088 410 3152 Ex
433 3107 494 3175 quo
516 3093 594 3170 potu
615 3089 767 3169 inebriati,
790 3090 902 3171 spiritu
925 3084 1059 3171 quodam
1080 3088 1234 3171 inflatorio
1259 3090 1323 3156 dis-

174 3193 260 3261 tendi
272 3191 472 3270 uidebantur,
494 3192 540 3255 lta
561 3195 596 3255 ut
612 3192 724 3268 ,statim
739 3193 771 3256 in
785 3192 961 3273 superbiam
979 3211 1012 3258 se
1028 3193 1190 3274 erigerent,
1211 3210 1322 3273 regum

175 3295 297 3376 animos
312 3294 492 3374 induerent,
522 3295 711 3381 prelaturas,
726 3300 759 3360 et
790 3296 905 3377 gradus
928 3297 1065 3361 diversos
1087 3295 1254 3374 ambirent,
1284 3314 1322 3360 ac

174 3397 386 3480 promociones
408 3400 582 3478 quererent,
606 3403 637 3464 et
658 3385 690 3463 in
712 3400 832 3480 magnis
855 3403 887 3463 et
898 3398 947 3482 (8)
958 3400 1150 3464 mirabilibus
1171 3400 1265 3481 super
1286 3417 1321 3464 se

175 3501 377 3594 ambularent.
411 3501 622 3582 Speculacioni
644 3503 794 3569 scibilium
807 3502 854 3586 (9)
865 3503 965 3567 solum
975 3504 1186 3582 intendebant,
1208 3501 1321 3568 affectu
1387 3558 1392 3571 .

175 3592 249 3675 vero
270 3603 459 3686 frigidissimi
480 3607 690 3676 remanebant.
724 3607 773 3670 Ex
796 3624 850 3671 ore
873 3624 981 3670 eorum
1003 3607 1091 3689 quasi
1112 3605 1212 3671 farina
1222 3607 1320 3672 subti-

173 3709 290 3774 lissima
309 3709 513 3796 procedebat,
543 3715 574 3774 et
596 3711 721 3775 subtilia
742 3711 889 3777 texebant
900 3709 980 3792 (10).
1013 3710 1082 3775 Vox
1104 3729 1210 3775 eornm
1231 3711 1320 3792 quasi

175 3830 208 3878 as
229 3830 352 3891 sonans,
374 3816 430 3876 aut
450 3813 624 3895 cymbalum
645 3813 872 3898 tinniensfll),
885 3831 975 3878 aures
996 3815 1155 3880 hominum
1176 3814 1320 3901 verbera-

174 3915 245 3995 bat,
273 3915 328 3979 sed
349 3915 398 3980 ‘ad
428 3933 482 3984 cor
510 3915 636 3983 minime
658 3919 808 3997 pervenit.
850 3917 962 3985 (loram
984 3917 1079 3984 oculis
1100 3937 1206 3984 eorum
1226 3917 1319 3983 velud

242 4069 276 4140 (1)
297 4074 323 4137 L
335 4075 397 4134 odd
410 4082 453 4150 et3
467 4093 538 4136 mou
551 4074 572 4135 J
583 4077 690 4135 areium
699 4075 858 4136 liberalium
868 4111 913 4143 -,-
924 4073 957 4142 (2)
981 4077 1029 4138 GP
1041 4080 1104 4139 add
1113 4081 1172 4138 suis
1181 4111 1226 4122 -
1247 4060 1318 4140 (³lB'

176 4160 263 4219 facies
283 4193 327 4208 --
350 4156 384 4224 (4)
407 4161 459 4223 DF
470 4161 641 4223 laborabant
661 4194 705 4207 -
728 4157 761 4227 (5)
780 4162 811 4220 *D
825 4164 887 4223 add
908 4171 937 4223 et
965 4197 1009 4207 -
1030 4161 1064 4228 (6)
1086 4169 1131 4222 ita
1152 4164 1252 4224 EFHJ
1274 4197 1318 4210 -

176 4240 211 4306 (⁷)
235 4245 338 4304 CFHL
350 4263 463 4323 queque
491 4282 535 4292 —
557 4242 592 4313 (8)
614 4248 715 4318 Podd
734 4251 773 4309 in.
796 4249 879 4308 Psal.
900 4252 974 4320 130,
1003 4253 1028 4308 1.
1056 4282 1100 4292 -
1129 4244 1162 4312 (9)
1185 4249 1318 4310 Arensi-

174 4327 272 4473 lbllium
316 4331 503 4395 Dsubtilium
531 4367 575 4383 ν-
598 4328 651 4398 (¹0)
673 4335 743 4396 lsai.
765 4338 802 4394 19
810 4378 818 4408 ,
851 4339 879 4394 9.
907 4367 951 4380 —-
979 4330 1031 4396 (¹1)
1054 4334 1159 4397 BDLP
1174 4340 1317 4416 tynniens.

200 4415 403 4486 what
1259 4444 1264 4452 ⁸
