3000 5196
227 360 268 420 22

227 494 363 576 diligam,
386 494 467 560 idest
488 494 658 560 secundum
680 493 881 573 divinitatem,
904 493 1006 558 adbuc
1023 494 1189 575 nesciebat,
1209 497 1371 578 magisque

226 598 385 681 presencia
398 616 491 680 quam
505 596 611 662 funus
623 598 656 662 in
671 615 728 663 suo
741 615 848 663 amore
862 599 1019 679 querebat.
1050 598 1188 663 Tandem
1201 601 1371 682 puerilibus

225 703 313 768 annis
324 701 459 767 excursis
472 701 532 786 (l),
558 719 629 766 cum
647 701 689 765 ad
702 705 817 766 etatem
830 703 892 766 iam
906 707 1060 766 maturam
1069 702 1117 785 (2)
1127 704 1272 784 venisset,
1294 723 1371 786 qua·

226 808 298 872 dam
319 807 386 871 vice
407 823 494 870 mens
517 805 582 870 eius
604 803 799 870 ineffabiliter
820 806 1002 885 illustratur,
1024 807 1071 871 ita
1091 812 1127 871 ut
1138 807 1186 890 (3)
1196 812 1282 874 totus
1294 827 1371 890 quo-

226 910 390 976 dammodo
412 910 576 990 absorptus
589 909 637 992 (4)
648 910 681 973 in
702 910 818 991 spiritu·
836 909 1044 975 delectacione
1065 911 1161 975 nimia
1180 912 1370 994 repleretur3

226 1019 259 1080 et
278 1019 353 1078 tunc
374 1013 414 1078 de
434 1013 581 1095 predictis
603 1013 780 1095 plenissime
800 1012 984 1078 informatus
1005 1013 1073 1093 fuit,
1089 1015 1134 1079 ita
1148 1020 1184 1079 ut
1196 1014 1290 1080 iacies
1304 1015 1371 1080 eius

225 1123 258 1183 et
278 1118 379 1183 cordis
401 1135 489 1182 amor
509 1117 641 1198 amplius
662 1117 694 1181 in
717 1117 839 1182 diversa
860 1136 923 1182 non
943 1122 1140 1183 mutarentur
1150 1119 1209 1202 (ὁ).
1249 1120 1291 1185 Jn
1312 1118 1371 1185 hac

224 1221 341 1287 visione
355 1240 418 1286 non
431 1221 576 1307 apparuit
590 1239 711 1303 corpus,
731 1239 789 1286 nec
810 1221 978 1303 quidquam
1000 1240 1200 1304 corporeum;
1223 1228 1371 1287 ettamen

225 1342 348 1390 omnem
370 1325 609 1390 delectacionem
630 1326 807 1407 possibilem
828 1325 904 1389 illud
919 1326 1002 1407 quod
1016 1327 1178 1391 videbetm
1192 1328 1371 1410 incorpora·

224 1430 350 1512 liter(6)
363 1434 394 1494 et
404 1429 715 1511 superessencialiter,
732 1431 764 1494 in
775 1448 809 1495 se
820 1431 1005 1495 continebat.
1036 1431 1077 1496 Jn
1091 1431 1151 1496 hoc
1162 1430 1271 1496 fontali
1284 1431 1371 1512 prin·

227 1534 306 1616 cipio
327 1551 386 1598 nec
406 1532 506 1598 forma
529 1538 597 1598 erat
618 1551 676 1598 nec
696 1535 836 1613 materia,
859 1538 914 1597 aut
934 1551 1046 1617 ymago
1068 1534 1200 1616 depicta,
1223 1534 1279 1599 sed
1291 1553 1371 1616 pura

226 1638 317 1721 ac(l)
325 1638 551 1719 simplicissima
561 1638 707 1716 essencia,
720 1655 789 1701 cum
800 1654 1003 1719 personarum
1014 1638 1214 1703 distinccione
1224 1638 1370 1720 perlecta.

227 1741 308 1807 Sane
328 1742 430 1824 ipsum
452 1759 509 1823 per
531 1741 700 1806 assenciam
721 1744 815 1823 prout
835 1741 869 1804 in
889 1759 924 1806 se
946 1746 1004 1818 est,
1026 1743 1058 1806 in
1079 1742 1220 1824 predicta
1235 1742 1372 1808 abstrac-

227 1846 314 1910 cione
331 1864 398 1911 non
419 1845 512 1924 vidit,
535 1845 591 1910 scd
611 1844 711 1910 solum
733 1844 888 1926 quandam
911 1845 1084 1910 divinorum
1107 1847 1372 1928 superlucencium

226 1950 384 2014 radiorum
406 1949 634 2014 emanacionem
657 1948 938 2029 supernaturalem,
963 1968 1056 2031 quam
1078 1951 1179 2015 verbis
1201 1950 1372 2032 exprimere

227 2070 290 2117 non
317 2052 455 2131 valebat,
485 2053 516 2117 in
546 2070 580 2117 se
607 2052 755 2134 percepit.
800 2052 897 2117 Porro
920 2052 1073 2117 obiectum
1095 2052 1172 2117 illud
1193 2052 1372 2117 mellifluum

228 2157 326 2222 omnis
348 2156 421 2222 boni
442 2157 652 2221 contentivum
673 2155 731 2221 sibi
753 2155 812 2220 hac
833 2156 899 2220 vice
921 2160 1144 2235 monstratum,
1173 2175 1235 2221 non
1256 2155 1315 2220 fuit
1323 2156 1371 2239 (8)

227 2272 361 2344 persona
381 2260 479 2343 patris
501 2264 633 2339 tantum,
653 2259 702 2325 vel
717 2259 816 2324 solum
831 2277 964 2340 persona
976 2257 1040 2338 filii,
1056 2263 1110 2323 aut
1124 2260 1250 2342 spiritus
1263 2259 1371 2340 sancti,

227 2383 286 2430 nec
306 2364 365 2429 fuit
384 2365 453 2446 ipsa
475 2364 574 2430 deitas
586 2363 678 2448 (9)in
700 2380 757 2428 sua
779 2362 1101 2444 abstractissima(10)
1112 2363 1308 2445 simplicitate
1322 2382 1373 2428 ac-

229 2472 336 2550 cepta,
365 2468 420 2533 sed
441 2467 500 2532 iuit
520 2469 589 2550 ipsa
611 2468 749 2533 essencia
770 2467 873 2531 divina
895 2466 1063 2531 secundum
1085 2471 1227 2532 nostrum
1248 2467 1374 2532 modum

228 2571 419 2653 intelligendi
436 2576 573 2652 accepta,
596 2576 690 2653 prout
705 2574 753 2636 est
766 2588 921 2635 summum
935 2574 968 2634 ct
980 2568 1134 2634 ineffabile
1144 2571 1268 2650 bonum,
1291 2590 1374 2636 sum-

229 2695 314 2741 mum
335 2676 482 2755 amabile,
505 2675 648 2757 summe(
655 2673 880 2757 11)pulchrum
903 2690 940 2737 ac
961 2673 1157 2754 deliciosum,
1181 2679 1213 2740 et
1235 2678 1373 2740 omnium

229 2780 381 2844 bonorum
400 2779 434 2842 in
456 2777 683 2861 creatmis(12)
694 2781 890 2859 repertorum
906 2776 1055 2858 originale
1066 2778 1251 2861 principimn
1264 2797 1372 2861 super·

231 2884 392 2964 optimum.
425 2882 468 2946 Et
496 2882 555 2947 hoc
582 2882 734 2947 intellexit
762 2899 830 2946 esse
859 2881 1031 2964 predictam
1059 2900 1206 2964 sponsam
1235 2886 1374 2947 eternam

233 2985 430 3067 sapienciam.
463 2984 580 3050 Verum
601 2987 673 3051 licet
694 2987 830 3068 quelibet
851 3004 985 3067 persona
1005 3005 1063 3068 per
1093 3004 1127 3051 se
1158 2991 1300 3068 accepta,
1334 2987 1375 3052 sit

232 3089 396 3172 sapiencia,
420 3094 452 3154 et
474 3108 579 3155 omnes
601 3108 734 3170 persone
755 3088 846 3154 simul
867 3108 929 3154 una
950 3094 1059 3154 eterna
1079 3091 1245 3173 sapiencia,
1269 3095 1374 3156 tamen

233 3194 306 3275 quia
327 3193 482 3274 sapiencia
502 3195 684 3259 attribuitur
703 3191 775 3272 lilio,
800 3198 831 3256 et
853 3194 925 3275 quia
946 3195 1070 3258 racione
1091 3212 1147 3258 sue
1164 3196 1374 3275 generationis

233 3296 291 3361 sibi
313 3297 464 3376 convenit,
487 3298 557 3363 ideo
580 3297 725 3362 dilectum
746 3298 843 3378 patris
865 3296 962 3361 filium
976 3296 1033 3361 sub
1048 3296 1157 3362 eodem
1170 3298 1291 3379 signato
1303 3298 1373 3381 (13)

233 3401 533 3466 consuetudinaliter
564 3402 697 3484 accepit,
731 3420 813 3466 nunc
842 3401 965 3482 quidem
993 3404 1028 3464 ut
1058 3401 1165 3480 deum,
1200 3402 1311 3468 deinde
1338 3408 1375 3467 ut

231 3502 404 3584 hominem,
437 3505 527 3569 utin
548 3510 679 3587 utroque
701 3506 818 3588 pariter
841 3503 1015 3570 devocionis
1037 3505 1186 3569 exercicia
1208 3510 1239 3570 et
1261 3507 1375 3572 amoris

234 3607 349 3673 solacia
369 3608 531 3674 inveniret.
565 3610 766 3676 Postmodum
788 3610 883 3689 igitur
904 3607 995 3671 huius
1013 3607 1154 3689 discipuli
1166 3610 1231 3674 vita
1244 3614 1277 3674 et
1288 3629 1374 3674 exer·

235 3711 310 3777 cicia
331 3711 505 3794 spiritualia
526 3732 595 3778 cum
616 3713 728 3778 devota
743 3711 947 3794 occupaeione
958 3711 1049 3776 huius
1063 3713 1249 3778 divinissime
1262 3731 1375 3795 sponse

236 3814 452 3881 decurrebant.
486 3817 642 3899 Quidquid
664 3819 746 3883 enim
761 3815 899 3905 amabile
919 3815 969 3880 vel
989 3815 1151 3897 pulchrum
1173 3817 1375 3901 seu(14)de-

300 3986 335 4056 (Ῑ)
348 3988 373 4050 L
387 3991 566 4051 decursis-
589 3987 622 4057 (2)
644 3993 698 4051 DL
714 3999 818 4052 etatem
841 4000 982 4052 maturam
1004 3995 1059 4052 iam
1104 3993 1136 4051 M
1151 3999 1256 4052 etatem
1278 3998 1374 4052 matu·

235 4094 297 4137 ram
340 4079 368 4136 A
383 4087 524 4137 maturam
547 4086 663 4139 etatem.
708 4079 781 4138 Mox
802 4078 830 4135 D
845 4083 1022 4154 pervenisset
1041 4111 1086 4123 —-
1108 4074 1141 4142 (3)
1164 4078 1215 4137 BE
1231 4078 1309 4154 quod
1330 4110 1375 4120 -

237 4157 271 4228 (4)
293 4163 353 4223 ΑΜ
368 4166 501 4225 absortus
521 4176 566 4209 -“-
589 4161 622 4230 (o)
644 4166 717 4241 ch.
739 4165 764 4238 1,
786 4168 930 4239 1,18.-
951 4163 985 4230 (6)
1008 4166 1060 4224 CD
1075 4165 1317 4240 incorporabiliter
1330 4197 1375 4207 -

236 4243 270 4314 (⁷)
293 4251 375 4311 DJM
391 4260 420 4311 et
439 4285 484 4295 —
511 4247 544 4316 (8)
568 4252 660 4326 Lnec
681 4253 733 4310 suit
775 4251 876 4311 Mnon
898 4254 951 4312 luit
971 4269 1025 4311 nec
1045 4284 1090 4294 -
1112 4247 1146 4315 (9)
1168 4251 1225 4310 ΕΜ
1240 4252 1375 4311 divinitas

233 4368 278 4396 .-
299 4332 350 4400 (10)
373 4337 591 4400 Gabstractiva
612 4372 656 4382 -
689 4332 740 4399 (11)
762 4337 815 4397 AF
828 4357 971 4399 summum
993 4372 1037 4381 —
1070 4332 1122 4403 (12)
1144 4337 1192 4398 ΟΡ
1207 4340 1310 4399 creatis
1330 4369 1375 4380 -

233 4416 285 4486 (13)
306 4421 423 4482 FGHM
437 4425 595 4501 significato
616 4459 660 4469 -
682 4422 733 4490 (14)
756 4424 858 4486 CFJM
873 4424 919 4484 vel
1231 4421 1233 4426 ’
