3000 5196
176 362 215 424 12

174 530 212 580 ec
242 513 378 580 omnium
409 515 561 581 virtutum
590 515 814 600 perfeccionem
845 523 935 584 tanta
964 517 1168 585 sollicitudine
1204 519 1317 585 excita-

173 617 224 707 tis.
261 617 327 684 Nec
347 617 406 685 hiis
429 624 608 701 contentus,
637 621 693 687 sed
716 620 756 687 de
776 621 945 687 multorum
967 641 1089 705 qnoque
1110 622 1210 688 salute
1234 622 1318 688 solli·

174 721 261 801 citus,
283 721 413 788 miseros
435 741 574 806 quosque
587 724 679 791 huius
693 726 800 790 mundi
808 730 988 806 sectatores,
1010 729 1046 791 ut
1066 726 1149 791 hunc
1169 725 1318 790 mundum

172 822 336 907 fingitivum
357 827 449 910 ac(1)
471 825 611 895 fallacem
633 829 786 910 deserant,
809 834 841 895 et
868 830 908 895 ad
936 847 1042 895 veram
1063 829 1156 913 ac(2)
1179 834 1318 894 eternam

144 929 360 1011 'sapienciam
388 932 528 1012 veniant,
557 933 680 1012 invitari
692 933 740 1017 (3)
762 934 856 998 verbo
879 937 911 999 et
939 933 1079 1016 exemplo
1108 952 1165 1016 per
1193 933 1318 998 eosdem

172 1035 354 1116 procuratis.
384 1034 448 1100 Vos
470 1054 544 1117 ergo
563 1041 655 1119 pater
673 1037 929 1102 reverendissime
942 1056 1067 1102 manum
1078 1038 1209 1120 peritam
1221 1055 1318 1119 appo·

173 1138 247 1217 nite,
270 1142 302 1202 et
312 1142 405 1219 gustu
418 1139 653 1222 intemo‘prout
673 1141 706 1204 in
727 1141 840 1207 talibus
862 1146 986 1224 oportet
1007 1142 1179 1221 discernite,
1202 1140 1318 1223 siquid

172 1241 243 1323 plus
254 1242 303 1306 vel
317 1241 344 1307 si
364 1243 438 1324 quid
459 1244 570 1324 minus,
594 1248 626 1308 et
648 1244 730 1326 quod
753 1244 856 1309 divina
876 1246 1031 1327 sapiencia
1051 1245 1247 1327 inspiraverit
1259 1262 1317 1326 pro

173 1344 271 1426 gloria
293 1363 350 1410 sua
371 1350 403 1410 et
416 1347 550 1412 utilitate
559 1349 769 1429 proximorum
778 1346 906 1414 faciatis.
937 1348 1032 1414 Michi
1045 1367 1167 1431 quoque
1181 1349 1318 1413 omnium

172 1446 306 1514 filiorum
326 1453 499 1515 vestrorum
518 1451 610 1515 deum
625 1453 797 1517 amancium
811 1452 967 1532 vilissimo,
989 1453 1110 1517 veniam
1132 1452 1171 1516 de
1193 1449 1318 1516 defecti·

173 1551 231 1618 bus
252 1552 302 1618 hic
320 1554 452 1636 repertis
475 1555 664 1635 concedatis;
686 1574 745 1621 nec
764 1556 992 1639 presumpcioni
1013 1555 1128 1620 factum
1149 1555 1209 1621 hoc
1223 1554 1318 1619 asem-

173 1655 246 1736 bite,
269 1656 324 1721 sed
335 1656 385 1722 dei
402 1658 592 1739 emulationi,
614 1678 717 1743 ymmo
734 1677 868 1742 superne
880 1659 1086 1741 inspiracioni,
1110 1677 1170 1740 que
1183 1658 1317 1723 attestis

174 1763 223 1826 est
243 1759 335 1824 michi
359 1761 444 1841 deus,
466 1780 517 1827 me
539 1763 589 1827 die
609 1768 764 1845 noctuque
786 1764 943 1845 quiescere
964 1782 1026 1828 non
1047 1763 1196 1844 permisit,
1220 1762 1318 1827 donec

174 1863 239 1929 eius
262 1865 415 1930 coaccioni
430 1867 584 1948 acquievi;
607 1867 662 1933 sed
684 1872 789 1932 utrum
810 1867 888 1932 benc
905 1886 960 1932 vos
970 1866 1109 1950 probate,
1133 1866 1185 1948 qui
1194 1866 1317 1931 unccio-

173 1985 245 2032 nem
267 1986 287 2032 a
307 1973 414 2034 sancto
423 1970 471 2052 (4)
493 1970 622 2036 habetis.

239 2070 403 2137 Sciendum
415 2073 499 2155 quod
510 2074 695 2156 colloquium
705 2075 790 2140 istud
799 2076 882 2141 inter
892 2075 1079 2159 sapientiam
1090 2079 1122 2139 et
1132 2073 1317 2156 discipulum

173 2173 233 2239 hoc
243 2175 335 2240 modo
346 2176 470 2241 inicium
482 2182 513 2242 et
526 2179 716 2244 occasionem
727 2180 843 2244 habuit.
867 2179 948 2244 Nam
960 2179 1034 2243 dum
1043 2178 1091 2261 (b)
1106 2177 1240 2259 quadam
1250 2177 1317 2242 vice

172 2283 246 2361 post
266 2282 434 2346 matutinas
454 2282 538 2347 idem
560 2283 727 2365 discipulus
749 2284 980 2349 similitudinem
1001 2282 1204 2366 processionis
1236 2281 1317 2347 illius

173 2384 373 2465 amarissime,
397 2404 489 2467 quam
501 2385 620 2453 Cristus
643 2388 887 2470 condempnatus
904 2386 976 2451 fecit
989 2386 1064 2450 dum
1078 2385 1119 2449 ad
1132 2385 1233 2450 locum
1242 2403 1315 2467 pas-
1341 2446 1344 2451 .

173 2486 267 2552 sionis
294 2489 478 2555 educeretur
493 2491 551 2575 (6),
574 2510 661 2557 more
682 2492 773 2557 solito
795 2490 987 2573 explevisset,
1013 2494 1045 2554 et
1064 2490 1097 2552 in
1119 2489 1249 2554 ambone
1264 2488 1313 2572 (7)

173 2592 434 2658 antemucifixum
447 2598 554 2676 staret,
577 2596 740 2676 animoque
762 2594 878 2659 dolenti
886 2593 934 2677 (8)
957 2597 1197 2675 conquereretur
1217 2592 1315 2657 cruci·

172 2695 250 2777 fixo,
280 2698 364 2779 quod
393 2697 536 2763 affectum
565 2705 629 2763 tam
658 2697 811 2767 fervidum
839 2697 880 2761 ad
909 2716 1007 2761 suam
1018 2698 1193 2779 passionem
1220 2701 1315 2778 prout

173 2800 299 2882 dignum
322 2806 404 2867 esset
425 2821 487 2867 non
508 2803 646 2882 haberet,
670 2801 726 2868 sed
739 2819 797 2866 nec
810 2805 933 2867 attenus
941 2801 990 2884 (9)
1012 2801 1185 2866 habuisset:
1207 2800 1314 2866 statim

173 2905 261 2985 quasi
281 2905 314 2969 in
341 2904 460 2972 exthasi
480 2906 615 2989 positus,
644 2907 759 2971 lumine
788 2905 922 2987 quodam
945 2905 1050 2970 celesti
1070 2905 1259 2984 illustratur,
1282 2907 1314 2969 et

173 3008 238 3073 eius
259 3009 443 3075 mentalibus
465 3009 560 3074 oculis
583 3014 706 3074 centum
727 3009 946 3074 meditationes
968 3027 1024 3074 seu
1051 3007 1314 3084 considerationes

172 3129 228 3176 sue
249 3111 477 3205 passioribus)
489 3113 703 3178 ostenduntur.
738 3113 862 3195 Sibique
886 3112 1013 3192 dicitur,
1044 3110 1128 3193 quod
1152 3111 1236 3176 omni
1264 3109 1314 3175 die

173 3215 284 3280 debeat
305 3215 361 3281 has
384 3220 506 3280 centum
515 3216 584 3300 (11)
607 3217 752 3282 materias
775 3236 845 3282 cum
867 3220 991 3281 centum
1001 3215 1098 3280 veniis
1116 3213 1229 3279 devota
1249 3232 1314 3278 me-

173 3319 325 3384 ditacione
347 3322 575 3401 transsumere,
608 3325 641 3386 et
662 3321 792 3386 totidem
816 3321 984 3404 peticiones
1007 3320 1192 3400 adiungere,
1222 3336 1259 3383 ac
1279 3303 1340 3384 se'

173 3421 274 3488 Oristo
302 3441 396 3505 passo
417 3425 619 3506 spiritualiter
641 3430 790 3507 quantum
815 3424 960 3507 possibile
982 3427 1030 3488 est
1050 3423 1082 3486 in
1105 3422 1221 3487 eisdem
1242 3441 1313 3487 con·

171 3526 315 3594 formare.
349 3527 432 3606 Quas
454 3533 559 3593 tamen
572 3529 623 3594 hic
634 3548 727 3594 causa
736 3529 896 3594 brevitatis
912 3527 1054 3610 explicite
1064 3544 1181 3609 ponere
1194 3525 1313 3604 obmisi,

171 3632 226 3698 sed
249 3632 368 3698 devotis
380 3634 521 3715 personis
540 3633 638 3699 doctis
652 3638 684 3699 et
697 3633 829 3698 indoctis
850 3633 883 3697 in
903 3635 1012 3698 nostro
1032 3631 1153 3712 vulgari
1172 3629 1315 3695 videlicet

171 3736 348 3801 theutonico
361 3734 495 3801 fideliter
509 3738 728 3803 conmunicevi.
750 3737 855 3819 Jgitur
869 3736 1035 3818 discipulum
1058 3735 1110 3816 qui
1131 3737 1203 3798 ante
1212 3731 1315 3796 fuerat

171 3838 284 3905 affectu
306 3841 515 3935 conpassionis
537 3840 643 3922 durus,
667 3843 748 3924 cepit
768 3859 826 3924 per
840 3841 1018 3906 continuum
1029 3840 1166 3904 eiusdem
1183 3836 1314 3901 medita-

236 3992 271 4062 (1)
289 3998 363 4058 CLP
378 4004 407 4058 et
427 4031 472 4042 —-
501 3992 777 4061 (2lnaan1et-
809 3995 843 4064 (3)
865 4001 1024 4060 Binvitare
1044 4028 1089 4041 -
1111 3991 1144 4060 (4)
1166 3995 1200 4054 M
1213 3999 1313 4054 sancto

171 4087 273 4161 spiritu
302 4084 435 4160 dspiritu
446 4091 555 4144 sancto.
576 4085 669 4144 Jocn.
679 4085 705 4158 1,
727 4084 755 4158 ’2,
776 4089 827 4145 20.
848 4118 893 4129 —
915 4082 948 4149 (5)
960 4086 1014 4143 DP
1033 4100 1098 4142 cum
1119 4115 1164 4125 -
1186 4076 1219 4146 (6)
1232 4081 1313 4140 ΟΜΡ

173 4171 324 4232 duceretur
344 4204 389 4214 —
419 4167 452 4236 (l)
474 4171 555 4230 BDF
569 4172 631 4230 odd
663 4175 744 4246 quasi
765 4204 809 4214 —
841 4166 874 4235 (8)
897 4172 984 4230 OPct
994 4167 1248 4246 prAcondolenti
1269 4200 1314 4211 —

172 4250 206 4320 (9)
218 4261 262 4317 ita
273 4257 370 4316 DHL:
392 4257 417 4316 E
436 4264 554 4318 actenus
590 4257 764 4317 Bhattenus
806 4257 974 4317 Ghattinus
1014 4258 1100 4314 cetera⁸
1119 4255 1314 4316 hactenus—
1364 4313 1366 4318 .

172 4337 457 4408 (10)Jaddib1.·.
479 4339 531 4409 (ll)
554 4350 668 4406 eentum
691 4361 740 4404 om
762 4343 816 4404 GH
