<?xml version="1.0" encoding="UTF-8"?>
<!DOCTYPE html PUBLIC "-//W3C//DTD XHTML 1.0 Transitional//EN"
    "http://www.w3.org/TR/xhtml1/DTD/xhtml1-transitional.dtd">
<html xmlns="http://www.w3.org/1999/xhtml" xml:lang="en" lang="en">
 <head>
  <title>
</title>
<meta http-equiv="Content-Type" content="text/html;charset=utf-8" />
  <meta name='ocr-system' content='tesseract 3.04.00' />
  <meta name='ocr-capabilities' content='ocr_page ocr_carea ocr_par ocr_line ocrx_word'/>
</head>
<body>
  <div class='ocr_page' id='page_1' title='image "./henricisusoniss00seusgoog_0203.png"; bbox 0 0 3232 5130; ppageno 0'>
   <div class='ocr_carea' id='block_1_1' title="bbox 1316 379 1375 438">
    <p class='ocr_par' dir='ltr' id='par_1_1' title="bbox 1316 379 1375 438">
     <span class='ocr_line' id='line_1_1' title="bbox 1316 379 1375 438; baseline 0.034 -2"><span class='ocrx_word' id='word_1_1' title='bbox 1316 379 1375 438; x_wconf 81' lang='lat'>199</span> 
     </span>
    </p>
   </div>
   <div class='ocr_carea' id='block_1_2' title="bbox 233 510 1375 593">
    <p class='ocr_par' dir='ltr' id='par_1_2' title="bbox 233 510 1375 593">
     <span class='ocr_line' id='line_1_2' title="bbox 233 510 1375 593; baseline 0.002 -19"><span class='ocrx_word' id='word_1_2' title='bbox 233 510 324 575; x_wconf 92' lang='lat' dir='ltr'>dicite</span> <span class='ocrx_word' id='word_1_3' title='bbox 346 511 503 575; x_wconf 92' lang='lat' dir='ltr'>dominum</span> <span class='ocrx_word' id='word_1_4' title='bbox 523 511 557 575; x_wconf 94' lang='lat' dir='ltr'>in</span> <span class='ocrx_word' id='word_1_5' title='bbox 579 511 722 592; x_wconf 84' lang='lat' dir='ltr'>operibus</span> <span class='ocrx_word' id='word_1_6' title='bbox 744 512 816 577; x_wconf 89' lang='lat' dir='ltr'>suis.</span> <span class='ocrx_word' id='word_1_7' title='bbox 850 512 932 576; x_wconf 89' lang='lat' dir='ltr'>Date</span> <span class='ocrx_word' id='word_1_8' title='bbox 953 513 1069 589; x_wconf 89' lang='lat' dir='ltr'>nomini</span> <span class='ocrx_word' id='word_1_9' title='bbox 1091 515 1156 577; x_wconf 90' lang='lat' dir='ltr'>eius</span> <span class='ocrx_word' id='word_1_10' title='bbox 1179 511 1375 593; x_wconf 71' lang='lat' dir='ltr'>magnificen-</span> 
     </span>
    </p>
   </div>
   <div class='ocr_carea' id='block_1_3' title="bbox 233 608 1473 698">
    <p class='ocr_par' dir='ltr' id='par_1_3' title="bbox 233 608 1473 698">
     <span class='ocr_line' id='line_1_3' title="bbox 233 608 1473 698; baseline 0.003 -20"><span class='ocrx_word' id='word_1_11' title='bbox 233 615 321 692; x_wconf 88' lang='lat' dir='ltr'>ciam,</span> <span class='ocrx_word' id='word_1_12' title='bbox 343 619 378 678; x_wconf 91' lang='lat' dir='ltr'>et</span> <span class='ocrx_word' id='word_1_13' title='bbox 400 612 586 678; x_wconf 86' lang='lat' dir='ltr'>confitemini</span> <span class='ocrx_word' id='word_1_14' title='bbox 609 614 653 678; x_wconf 90' lang='lat' dir='ltr'>illi</span> <span class='ocrx_word' id='word_1_15' title='bbox 674 616 803 698; x_wconf 86' lang='lat' dir='ltr'>invoca</span> <span class='ocrx_word' id='word_1_16' title='bbox 824 616 976 681; x_wconf 75' lang='lat' dir='ltr'>labiorum</span> <span class='ocrx_word' id='word_1_17' title='bbox 991 608 1174 695; x_wconf 83' lang='lat' dir='ltr'>vestrorum,</span> <span class='ocrx_word' id='word_1_18' title='bbox 1198 616 1239 683; x_wconf 87' lang='lat' dir='ltr'>Jn</span> <span class='ocrx_word' id='word_1_19' title='bbox 1250 616 1376 681; x_wconf 89' lang='lat' dir='ltr'>canticis</span> <span class='ocrx_word' id='word_1_20' title='bbox 1445 654 1473 685; x_wconf 43' lang='lat' dir='ltr'>,s</span> 
     </span>
    </p>
   </div>
   <div class='ocr_carea' id='block_1_4' title="bbox 231 705 1377 1628">
    <p class='ocr_par' dir='ltr' id='par_1_4' title="bbox 231 705 1377 1628">
     <span class='ocr_line' id='line_1_4' title="bbox 231 705 1377 801; baseline 0 -18"><span class='ocrx_word' id='word_1_21' title='bbox 231 719 383 783; x_wconf 82' lang='lat' dir='ltr'><strong>labiorum</strong></span> <span class='ocrx_word' id='word_1_22' title='bbox 405 736 442 782; x_wconf 88' lang='lat' dir='ltr'>ac</span> <span class='ocrx_word' id='word_1_23' title='bbox 465 717 607 800; x_wconf 79' lang='lat' dir='ltr'>cytharis,</span> <span class='ocrx_word' id='word_1_24' title='bbox 631 723 664 782; x_wconf 88' lang='lat' dir='ltr'>et</span> <span class='ocrx_word' id='word_1_25' title='bbox 684 719 729 784; x_wconf 85' lang='lat' dir='ltr'>sic</span> <span class='ocrx_word' id='word_1_26' title='bbox 746 719 854 784; x_wconf 92' lang='lat' dir='ltr'>dicetis</span> <span class='ocrx_word' id='word_1_27' title='bbox 867 720 899 783; x_wconf 93' lang='lat' dir='ltr'>in</span> <span class='ocrx_word' id='word_1_28' title='bbox 914 719 1119 784; x_wconf 87' lang='lat' dir='ltr'>confessione:</span> <span class='ocrx_word' id='word_1_29' title='bbox 1143 720 1247 801; x_wconf 87' lang='lat' dir='ltr'>Opera</span> <span class='ocrx_word' id='word_1_30' title='bbox 1261 705 1377 784; x_wconf 83' lang='lat' dir='ltr'>domini</span> 
     </span>
     <span class='ocr_line' id='line_1_5' title="bbox 233 821 1377 904; baseline -0.001 -17"><span class='ocrx_word' id='word_1_31' title='bbox 233 823 377 887; x_wconf 87' lang='lat' dir='ltr'>universa</span> <span class='ocrx_word' id='word_1_32' title='bbox 398 823 480 887; x_wconf 90' lang='lat' dir='ltr'>bona</span> <span class='ocrx_word' id='word_1_33' title='bbox 501 821 591 886; x_wconf 83' lang='lat' dir='ltr'>valde</span> <span class='ocrx_word' id='word_1_34' title='bbox 603 821 662 904; x_wconf 87' lang='lat'>(1).</span> <span class='ocrx_word' id='word_1_35' title='bbox 694 821 918 888; x_wconf 88' lang='lat' dir='ltr'>Benediceutes</span> <span class='ocrx_word' id='word_1_36' title='bbox 943 823 1102 888; x_wconf 88' lang='lat' dir='ltr'>dominum</span> <span class='ocrx_word' id='word_1_37' title='bbox 1130 824 1263 887; x_wconf 84' lang='lat' dir='ltr'>exaltate</span> <span class='ocrx_word' id='word_1_38' title='bbox 1289 823 1377 887; x_wconf 93' lang='lat' dir='ltr'>illum</span> 
     </span>
     <span class='ocr_line' id='line_1_6' title="bbox 234 920 1375 1014; baseline -0.003 -23"><span class='ocrx_word' id='word_1_39' title='bbox 234 930 383 1008; x_wconf 89' lang='lat' dir='ltr'>quantum</span> <span class='ocrx_word' id='word_1_40' title='bbox 404 927 550 1008; x_wconf 80' lang='lat' dir='ltr'>potestis3</span> <span class='ocrx_word' id='word_1_41' title='bbox 572 927 671 1011; x_wconf 85' lang='lat' dir='ltr'>maior</span> <span class='ocrx_word' id='word_1_42' title='bbox 681 931 730 991; x_wconf 89' lang='lat' dir='ltr'>est</span> <span class='ocrx_word' id='word_1_43' title='bbox 741 927 823 990; x_wconf 90' lang='lat' dir='ltr'>enim</span> <span class='ocrx_word' id='word_1_44' title='bbox 837 920 921 992; x_wconf 87' lang='lat' dir='ltr'>omni</span> <span class='ocrx_word' id='word_1_45' title='bbox 934 925 1045 1014; x_wconf 81' lang='lat' dir='ltr'>laude(</span> <span class='ocrx_word' id='word_1_46' title='bbox 1067 927 1091 1008; x_wconf 89' lang='lat'>).</span> <span class='ocrx_word' id='word_1_47' title='bbox 1113 924 1375 992; x_wconf 80' lang='lat' dir='ltr'>DISCIPULUS:</span> 
     </span>
     <span class='ocr_line' id='line_1_7' title="bbox 234 1030 1375 1123; baseline 0 -28"><span class='ocrx_word' id='word_1_48' title='bbox 234 1031 261 1095; x_wconf 94' lang='grc' dir='ltr'>Ο</span> <span class='ocrx_word' id='word_1_49' title='bbox 284 1031 395 1094; x_wconf 89' lang='lat' dir='ltr'>dilecte</span> <span class='ocrx_word' id='word_1_50' title='bbox 416 1048 477 1112; x_wconf 88' lang='lat' dir='ltr'>my,</span> <span class='ocrx_word' id='word_1_51' title='bbox 500 1031 577 1112; x_wconf 83' lang='lat' dir='ltr'>quis</span> <span class='ocrx_word' id='word_1_52' title='bbox 589 1030 683 1094; x_wconf 90' lang='lat' dir='ltr'>michi</span> <span class='ocrx_word' id='word_1_53' title='bbox 705 1031 758 1095; x_wconf 90' lang='lat' dir='ltr'>det</span> <span class='ocrx_word' id='word_1_54' title='bbox 779 1036 816 1093; x_wconf 90' lang='lat' dir='ltr'>ut</span> <span class='ocrx_word' id='word_1_55' title='bbox 833 1049 887 1095; x_wconf 91' lang='lat' dir='ltr'>cor</span> <span class='ocrx_word' id='word_1_56' title='bbox 899 1031 1181 1113; x_wconf 83' lang='lat' dir='ltr'>languidum(3)in</span> <span class='ocrx_word' id='word_1_57' title='bbox 1194 1036 1249 1123; x_wconf 83' lang='lat' dir='ltr'>tuo</span> <span class='ocrx_word' id='word_1_58' title='bbox 1261 1048 1375 1110; x_wconf 89' lang='lat' dir='ltr'>amore,</span> 
     </span>
     <span class='ocr_line' id='line_1_8' title="bbox 235 1132 1376 1222; baseline -0.001 -23"><span class='ocrx_word' id='word_1_59' title='bbox 235 1132 267 1199; x_wconf 88' lang='lat' dir='ltr'>et</span> <span class='ocrx_word' id='word_1_60' title='bbox 287 1152 343 1214; x_wconf 92' lang='lat' dir='ltr'>pre</span> <span class='ocrx_word' id='word_1_61' title='bbox 366 1133 517 1222; x_wconf 88' lang='lat' dir='ltr'>desiderio</span> <span class='ocrx_word' id='word_1_62' title='bbox 533 1137 573 1197; x_wconf 85' lang='lat' dir='ltr'>te</span> <span class='ocrx_word' id='word_1_63' title='bbox 594 1134 741 1198; x_wconf 91' lang='lat' dir='ltr'>laudandi</span> <span class='ocrx_word' id='word_1_64' title='bbox 753 1134 952 1213; x_wconf 91' lang='lat' dir='ltr'>sitibundum,</span> <span class='ocrx_word' id='word_1_65' title='bbox 976 1138 1158 1216; x_wconf 88' lang='lat' dir='ltr'>conceptum</span> <span class='ocrx_word' id='word_1_66' title='bbox 1171 1134 1271 1198; x_wconf 90' lang='lat' dir='ltr'>laudis</span> <span class='ocrx_word' id='word_1_67' title='bbox 1285 1133 1376 1198; x_wconf 85' lang='lat' dir='ltr'>ludus</span> 
     </span>
     <span class='ocr_line' id='line_1_9' title="bbox 236 1222 1376 1321; baseline 0.002 -21"><span class='ocrx_word' id='word_1_68' title='bbox 236 1243 309 1301; x_wconf 88' lang='lat' dir='ltr'>ante</span> <span class='ocrx_word' id='word_1_69' title='bbox 330 1242 463 1301; x_wconf 90' lang='lat' dir='ltr'>mortem</span> <span class='ocrx_word' id='word_1_70' title='bbox 485 1222 616 1301; x_wconf 88' lang='lat' dir='ltr'>vicinam</span> <span class='ocrx_word' id='word_1_71' title='bbox 628 1229 729 1321; x_wconf 57' lang='lat' dir='ltr'>(dlad</span> <span class='ocrx_word' id='word_1_72' title='bbox 751 1237 893 1303; x_wconf 85' lang='lat' dir='ltr'>effectum</span> <span class='ocrx_word' id='word_1_73' title='bbox 914 1238 1083 1320; x_wconf 81' lang='lat' dir='ltr'>perducere</span> <span class='ocrx_word' id='word_1_74' title='bbox 1104 1237 1216 1316; x_wconf 89' lang='lat' dir='ltr'>valeat,</span> <span class='ocrx_word' id='word_1_75' title='bbox 1241 1240 1277 1300; x_wconf 88' lang='lat' dir='ltr'>ut</span> <span class='ocrx_word' id='word_1_76' title='bbox 1296 1238 1376 1318; x_wconf 82' lang='lat' dir='ltr'>ignis</span> 
     </span>
     <span class='ocr_line' id='line_1_10' title="bbox 234 1322 1377 1435; baseline 0.002 -31"><span class='ocrx_word' id='word_1_77' title='bbox 234 1341 285 1405; x_wconf 90' lang='lat' dir='ltr'>ille</span> <span class='ocrx_word' id='word_1_78' title='bbox 307 1322 338 1404; x_wconf 82' lang='lat' dir='ltr'>in</span> <span class='ocrx_word' id='word_1_79' title='bbox 361 1328 557 1405; x_wconf 81' lang='lat' dir='ltr'>interioribus</span> <span class='ocrx_word' id='word_1_80' title='bbox 572 1333 705 1406; x_wconf 73' lang='lat' dir='ltr'>‘estuans</span> <span class='ocrx_word' id='word_1_81' title='bbox 720 1340 801 1435; x_wconf 72' lang='lat' dir='ltr'>‘ioris</span> <span class='ocrx_word' id='word_1_82' title='bbox 814 1341 861 1424; x_wconf 80' lang='lat' dir='ltr'>(b)</span> <span class='ocrx_word' id='word_1_83' title='bbox 875 1347 1030 1424; x_wconf 88' lang='lat' dir='ltr'>erumpat,</span> <span class='ocrx_word' id='word_1_84' title='bbox 1061 1347 1093 1406; x_wconf 91' lang='lat' dir='ltr'>et</span> <span class='ocrx_word' id='word_1_85' title='bbox 1113 1342 1307 1406; x_wconf 89' lang='lat' dir='ltr'>latitudinem</span> <span class='ocrx_word' id='word_1_86' title='bbox 1328 1346 1377 1406; x_wconf 89' lang='lat' dir='ltr'>to·</span> 
     </span>
     <span class='ocr_line' id='line_1_11' title="bbox 236 1439 1376 1534; baseline -0.001 -25"><span class='ocrx_word' id='word_1_87' title='bbox 236 1445 299 1509; x_wconf 88' lang='lat' dir='ltr'>cius</span> <span class='ocrx_word' id='word_1_88' title='bbox 322 1445 404 1534; x_wconf 86' lang='lat' dir='ltr'>orbis</span> <span class='ocrx_word' id='word_1_89' title='bbox 425 1440 687 1525; x_wconf 90' lang='lat' dir='ltr'>pertranseundo,</span> <span class='ocrx_word' id='word_1_90' title='bbox 718 1439 861 1518; x_wconf 78' lang='lat' dir='ltr'>uniuersa</span> <span class='ocrx_word' id='word_1_91' title='bbox 890 1446 984 1510; x_wconf 88' lang='lat' dir='ltr'>corda</span> <span class='ocrx_word' id='word_1_92' title='bbox 1010 1447 1044 1511; x_wconf 91' lang='lat' dir='ltr'>in</span> <span class='ocrx_word' id='word_1_93' title='bbox 1064 1446 1156 1510; x_wconf 93' lang='lat' dir='ltr'>laude</span> <span class='ocrx_word' id='word_1_94' title='bbox 1177 1446 1233 1509; x_wconf 80' lang='lat' dir='ltr'>tua</span> <span class='ocrx_word' id='word_1_95' title='bbox 1254 1463 1376 1510; x_wconf 88' lang='lat' dir='ltr'>sursum</span> 
     </span>
     <span class='ocr_line' id='line_1_12' title="bbox 236 1547 1377 1628; baseline 0 -16"><span class='ocrx_word' id='word_1_96' title='bbox 236 1548 337 1628; x_wconf 84' lang='lat' dir='ltr'>erigat</span> <span class='ocrx_word' id='word_1_97' title='bbox 359 1549 443 1611; x_wconf 87' lang='lat' dir='ltr'>etin</span> <span class='ocrx_word' id='word_1_98' title='bbox 464 1552 519 1612; x_wconf 86' lang='lat' dir='ltr'>tuo</span> <span class='ocrx_word' id='word_1_99' title='bbox 541 1566 646 1612; x_wconf 89' lang='lat' dir='ltr'>amore</span> <span class='ocrx_word' id='word_1_100' title='bbox 667 1547 866 1613; x_wconf 86' lang='lat' dir='ltr'>vehementer</span> <span class='ocrx_word' id='word_1_101' title='bbox 887 1550 1044 1613; x_wconf 88' lang='lat' dir='ltr'>accendat.</span> <span class='ocrx_word' id='word_1_102' title='bbox 1078 1549 1104 1614; x_wconf 91' lang='grc' dir='ltr'><strong>Ο</strong></span> <span class='ocrx_word' id='word_1_103' title='bbox 1127 1551 1246 1613; x_wconf 91' lang='lat' dir='ltr'>utinam</span> <span class='ocrx_word' id='word_1_104' title='bbox 1267 1553 1377 1624; x_wconf 85' lang='lat' dir='ltr'>cuncta</span> 
     </span>
    </p>
   </div>
   <div class='ocr_carea' id='block_1_5' title="bbox 232 1648 1509 1844">
    <p class='ocr_par' dir='ltr' id='par_1_5' title="bbox 232 1648 1509 1844">
     <span class='ocr_line' id='line_1_13' title="bbox 234 1648 1501 1735; baseline -0.001 -19"><span class='ocrx_word' id='word_1_105' title='bbox 234 1651 340 1716; x_wconf 83' lang='lat' dir='ltr'>suavia</span> <span class='ocrx_word' id='word_1_106' title='bbox 360 1652 573 1716; x_wconf 86' lang='lat' dir='ltr'>instrumenta·</span> <span class='ocrx_word' id='word_1_107' title='bbox 588 1653 762 1730; x_wconf 83' lang='lat' dir='ltr'>musicalia,</span> <span class='ocrx_word' id='word_1_108' title='bbox 778 1648 921 1717; x_wconf 78' lang='lat' dir='ltr'>&#39;celestes</span> <span class='ocrx_word' id='word_1_109' title='bbox 950 1671 1072 1735; x_wconf 92' lang='lat' dir='ltr'>quoque</span> <span class='ocrx_word' id='word_1_110' title='bbox 1097 1654 1235 1718; x_wconf 84' lang='lat' dir='ltr'>armenie</span> <span class='ocrx_word' id='word_1_111' title='bbox 1256 1670 1293 1716; x_wconf 89' lang='lat' dir='ltr'>ac</span> <span class='ocrx_word' id='word_1_112' title='bbox 1313 1657 1376 1715; x_wconf 92' lang='lat' dir='ltr'>ter·</span> <span class='ocrx_word' id='word_1_113' title='bbox 1497 1659 1501 1667; x_wconf 86' lang='grc'><em>’</em></span> 
     </span>
     <span class='ocr_line' id='line_1_14' title="bbox 232 1752 1509 1844; baseline 0.002 -26"><span class='ocrx_word' id='word_1_114' title='bbox 232 1759 347 1819; x_wconf 88' lang='lat' dir='ltr'>restres</span> <span class='ocrx_word' id='word_1_115' title='bbox 360 1754 510 1836; x_wconf 88' lang='lat' dir='ltr'>·melodye</span> <span class='ocrx_word' id='word_1_116' title='bbox 532 1755 571 1818; x_wconf 89' lang='lat' dir='ltr'>de</span> <span class='ocrx_word' id='word_1_117' title='bbox 593 1755 686 1820; x_wconf 90' lang='lat' dir='ltr'>corde</span> <span class='ocrx_word' id='word_1_118' title='bbox 707 1752 776 1819; x_wconf 88' lang='lat' dir='ltr'>meo</span> <span class='ocrx_word' id='word_1_119' title='bbox 796 1775 921 1820; x_wconf 81' lang='lat' dir='ltr'>smsrrm</span> <span class='ocrx_word' id='word_1_120' title='bbox 931 1757 1143 1844; x_wconf 82' lang='lat' dir='ltr'>procederent,</span> <span class='ocrx_word' id='word_1_121' title='bbox 1167 1756 1376 1837; x_wconf 84' lang='lat' dir='ltr'>etcondignas</span> <span class='ocrx_word' id='word_1_122' title='bbox 1399 1776 1401 1782; x_wconf 57' lang='lat'><strong><em>¹</em></strong></span> <span class='ocrx_word' id='word_1_123' title='bbox 1488 1788 1509 1799; x_wconf 79' lang='lat'>.,</span> 
     </span>
    </p>
   </div>
   <div class='ocr_carea' id='block_1_6' title="bbox 231 1856 1393 3183">
    <p class='ocr_par' dir='ltr' id='par_1_6' title="bbox 231 1856 1393 3183">
     <span class='ocr_line' id='line_1_15' title="bbox 232 1856 1377 1940; baseline 0.003 -20"><span class='ocrx_word' id='word_1_124' title='bbox 232 1856 339 1921; x_wconf 88' lang='lat' dir='ltr'>laudes</span> <span class='ocrx_word' id='word_1_125' title='bbox 360 1862 425 1922; x_wconf 87' lang='lat' dir='ltr'>tarn</span> <span class='ocrx_word' id='word_1_126' title='bbox 448 1859 578 1923; x_wconf 89' lang='lat' dir='ltr'>dulciter</span> <span class='ocrx_word' id='word_1_127' title='bbox 599 1856 812 1940; x_wconf 76' lang='lat' dir='ltr'>personarent,</span> <span class='ocrx_word' id='word_1_128' title='bbox 835 1865 871 1923; x_wconf 89' lang='lat' dir='ltr'>ut</span> <span class='ocrx_word' id='word_1_129' title='bbox 893 1861 988 1926; x_wconf 90' lang='lat' dir='ltr'>oculis</span> <span class='ocrx_word' id='word_1_130' title='bbox 1011 1861 1112 1925; x_wconf 90' lang='lat' dir='ltr'>divine</span> <span class='ocrx_word' id='word_1_131' title='bbox 1131 1861 1304 1926; x_wconf 87' lang='lat' dir='ltr'>maiestatis</span> <span class='ocrx_word' id='word_1_132' title='bbox 1323 1863 1377 1924; x_wconf 90' lang='lat' dir='ltr'>tue</span> 
     </span>
     <span class='ocr_line' id='line_1_16' title="bbox 233 1947 1386 2056; baseline 0.003 -32"><span class='ocrx_word' id='word_1_133' title='bbox 233 1965 322 2040; x_wconf 83' lang='lat' dir='ltr'>grate</span> <span class='ocrx_word' id='word_1_134' title='bbox 342 1959 521 2056; x_wconf 38' lang='lat' dir='ltr'>fierent-ac</span> <span class='ocrx_word' id='word_1_135' title='bbox 541 1967 640 2026; x_wconf 88' lang='lat' dir='ltr'>totam</span> <span class='ocrx_word' id='word_1_136' title='bbox 663 1954 808 2027; x_wconf 86' lang='lat' dir='ltr'>celestem</span> <span class='ocrx_word' id='word_1_137' title='bbox 831 1965 947 2027; x_wconf 90' lang='lat' dir='ltr'>curiam</span> <span class='ocrx_word' id='word_1_138' title='bbox 970 1983 1049 2038; x_wconf 83' lang='lat' dir='ltr'>novo</span> <span class='ocrx_word' id='word_1_139' title='bbox 1073 1965 1206 2045; x_wconf 90' lang='lat' dir='ltr'>quodam</span> <span class='ocrx_word' id='word_1_140' title='bbox 1229 1968 1261 2028; x_wconf 90' lang='lat' dir='ltr'>et</span> <span class='ocrx_word' id='word_1_141' title='bbox 1269 1947 1386 2028; x_wconf 48' lang='lat' dir='ltr'>mella-⁶</span> 
     </span>
     <span class='ocr_line' id='line_1_17' title="bbox 234 2052 1384 2151; baseline 0.003 -24"><span class='ocrx_word' id='word_1_142' title='bbox 234 2063 286 2127; x_wconf 94' lang='lat' dir='ltr'>bili</span> <span class='ocrx_word' id='word_1_143' title='bbox 307 2064 420 2143; x_wconf 82' lang='lat' dir='ltr'>gaudio</span> <span class='ocrx_word' id='word_1_144' title='bbox 442 2052 633 2140; x_wconf 71' lang='lat' dir='ltr'>letificarent,</span> <span class='ocrx_word' id='word_1_145' title='bbox 668 2065 729 2129; x_wconf 85' lang='lat' dir='ltr'>Sed</span> <span class='ocrx_word' id='word_1_146' title='bbox 752 2066 976 2145; x_wconf 81' lang='lat' dir='ltr'>quiddicam?</span> <span class='ocrx_word' id='word_1_147' title='bbox 1008 2067 1229 2151; x_wconf 85' lang='lat' dir='ltr'>Memetipsum</span> <span class='ocrx_word' id='word_1_148' title='bbox 1253 2067 1384 2131; x_wconf 53' lang='lat' dir='ltr'>domina*</span> 
     </span>
     <span class='ocr_line' id='line_1_18' title="bbox 233 2166 1377 2248; baseline 0.002 -19"><span class='ocrx_word' id='word_1_149' title='bbox 233 2172 289 2229; x_wconf 90' lang='lat' dir='ltr'>tua</span> <span class='ocrx_word' id='word_1_150' title='bbox 309 2166 402 2230; x_wconf 89' lang='lat' dir='ltr'>laude</span> <span class='ocrx_word' id='word_1_151' title='bbox 424 2167 673 2246; x_wconf 20' lang='lat' dir='ltr'>indignumpesse</span> <span class='ocrx_word' id='word_1_152' title='bbox 696 2186 855 2247; x_wconf 84' lang='lat' dir='ltr'>cognosco.</span> <span class='ocrx_word' id='word_1_153' title='bbox 890 2169 1096 2244; x_wconf 84' lang='lat' dir='ltr'>Quamobrem</span> <span class='ocrx_word' id='word_1_154' title='bbox 1122 2187 1232 2248; x_wconf 89' lang='lat' dir='ltr'>precor</span> <span class='ocrx_word' id='word_1_155' title='bbox 1259 2173 1295 2231; x_wconf 90' lang='lat' dir='ltr'>ut</span> <span class='ocrx_word' id='word_1_156' title='bbox 1316 2169 1377 2232; x_wconf 91' lang='lat' dir='ltr'>sal-</span> 
     </span>
     <span class='ocr_line' id='line_1_19' title="bbox 234 2270 1377 2352; baseline 0.001 -20"><span class='ocrx_word' id='word_1_157' title='bbox 234 2274 298 2332; x_wconf 90' lang='lat' dir='ltr'>tem</span> <span class='ocrx_word' id='word_1_158' title='bbox 321 2274 423 2333; x_wconf 88' lang='lat' dir='ltr'>cetere</span> <span class='ocrx_word' id='word_1_159' title='bbox 444 2273 586 2333; x_wconf 84' lang='lat' dir='ltr'>creature</span> <span class='ocrx_word' id='word_1_160' title='bbox 607 2270 767 2334; x_wconf 86' lang='lat' dir='ltr'>nobilitate</span> <span class='ocrx_word' id='word_1_161' title='bbox 788 2271 937 2350; x_wconf 81' lang='lat' dir='ltr'>preclare,</span> <span class='ocrx_word' id='word_1_162' title='bbox 959 2271 1162 2351; x_wconf 84' lang='lat' dir='ltr'>inperfectum</span> <span class='ocrx_word' id='word_1_163' title='bbox 1185 2273 1288 2334; x_wconf 89' lang='lat' dir='ltr'>meum</span> <span class='ocrx_word' id='word_1_164' title='bbox 1305 2271 1377 2352; x_wconf 82' lang='lat' dir='ltr'>dig-</span> 
     </span>
     <span class='ocr_line' id='line_1_20' title="bbox 233 2360 1374 2454; baseline 0.001 -18"><span class='ocrx_word' id='word_1_165' title='bbox 233 2377 348 2436; x_wconf 90' lang='lat' dir='ltr'>nentur</span> <span class='ocrx_word' id='word_1_166' title='bbox 369 2360 526 2453; x_wconf 78' lang='lat' dir='ltr'>supplere</span> <span class='ocrx_word' id='word_1_167' title='bbox 555 2372 660 2453; x_wconf 78' lang='lat' dir='ltr'>Jgit&#39;ur</span> <span class='ocrx_word' id='word_1_168' title='bbox 681 2377 753 2454; x_wconf 92' lang='lat' dir='ltr'>opto</span> <span class='ocrx_word' id='word_1_169' title='bbox 777 2378 809 2436; x_wconf 92' lang='lat' dir='ltr'>et</span> <span class='ocrx_word' id='word_1_170' title='bbox 831 2391 869 2436; x_wconf 85' lang='lat' dir='ltr'>ex</span> <span class='ocrx_word' id='word_1_171' title='bbox 890 2378 957 2437; x_wconf 91' lang='lat' dir='ltr'>toto</span> <span class='ocrx_word' id='word_1_172' title='bbox 981 2374 1073 2447; x_wconf 84' lang='lat' dir='ltr'>corde</span> <span class='ocrx_word' id='word_1_173' title='bbox 1095 2374 1245 2452; x_wconf 89' lang='lat' dir='ltr'>desidero,</span> <span class='ocrx_word' id='word_1_174' title='bbox 1267 2378 1304 2437; x_wconf 92' lang='lat' dir='ltr'>ut</span> <span class='ocrx_word' id='word_1_175' title='bbox 1325 2393 1374 2438; x_wconf 92' lang='lat' dir='ltr'>or-</span> 
     </span>
     <span class='ocr_line' id='line_1_21' title="bbox 233 2468 1376 2558; baseline 0 -17"><span class='ocrx_word' id='word_1_176' title='bbox 233 2477 287 2541; x_wconf 89' lang='lat' dir='ltr'>bes</span> <span class='ocrx_word' id='word_1_177' title='bbox 309 2476 504 2558; x_wconf 85' lang='lat' dir='ltr'>planetarum</span> <span class='ocrx_word' id='word_1_178' title='bbox 526 2492 563 2538; x_wconf 88' lang='lat' dir='ltr'>ac</span> <span class='ocrx_word' id='word_1_179' title='bbox 584 2475 683 2539; x_wconf 90' lang='lat' dir='ltr'>celum</span> <span class='ocrx_word' id='word_1_180' title='bbox 705 2475 867 2558; x_wconf 87' lang='lat' dir='ltr'>sydereum</span> <span class='ocrx_word' id='word_1_181' title='bbox 892 2468 1105 2557; x_wconf 77' lang='lat' dir='ltr'>limpidissimo</span> <span class='ocrx_word' id='word_1_182' title='bbox 1131 2477 1246 2540; x_wconf 88' lang='lat' dir='ltr'>lumine</span> <span class='ocrx_word' id='word_1_183' title='bbox 1273 2476 1376 2541; x_wconf 88' lang='lat' dir='ltr'>radio-</span> 
     </span>
     <span class='ocr_line' id='line_1_22' title="bbox 234 2577 1376 2661; baseline 0.002 -17"><span class='ocrx_word' id='word_1_184' title='bbox 234 2599 312 2658; x_wconf 75' lang='lat' dir='ltr'>sum,</span> <span class='ocrx_word' id='word_1_185' title='bbox 334 2577 469 2643; x_wconf 84' lang='lat' dir='ltr'>florifera</span> <span class='ocrx_word' id='word_1_186' title='bbox 491 2597 613 2659; x_wconf 84' lang='lat' dir='ltr'>quoque</span> <span class='ocrx_word' id='word_1_187' title='bbox 634 2579 773 2659; x_wconf 76' lang='lat' dir='ltr'>&#39;germina</span> <span class='ocrx_word' id='word_1_188' title='bbox 795 2581 912 2643; x_wconf 88' lang='lat' dir='ltr'>vernali</span> <span class='ocrx_word' id='word_1_189' title='bbox 922 2579 1034 2644; x_wconf 88' lang='lat' dir='ltr'>decore</span> <span class='ocrx_word' id='word_1_190' title='bbox 1049 2581 1214 2660; x_wconf 88' lang='lat' dir='ltr'>conspicua</span> <span class='ocrx_word' id='word_1_191' title='bbox 1225 2580 1376 2661; x_wconf 90' lang='lat' dir='ltr'>pulchris·</span> 
     </span>
     <span class='ocr_line' id='line_1_23' title="bbox 235 2682 1376 2764; baseline 0.001 -17"><span class='ocrx_word' id='word_1_192' title='bbox 235 2701 296 2764; x_wconf 92' lang='lat' dir='ltr'>que</span> <span class='ocrx_word' id='word_1_193' title='bbox 318 2682 469 2747; x_wconf 87' lang='lat' dir='ltr'>coloribus</span> <span class='ocrx_word' id='word_1_194' title='bbox 492 2683 739 2761; x_wconf 67' lang='lat' dir='ltr'>adornata-nec</span> <span class='ocrx_word' id='word_1_195' title='bbox 760 2702 822 2748; x_wconf 92' lang='lat' dir='ltr'>non</span> <span class='ocrx_word' id='word_1_196' title='bbox 844 2687 876 2748; x_wconf 89' lang='lat' dir='ltr'>et</span> <span class='ocrx_word' id='word_1_197' title='bbox 897 2684 1009 2748; x_wconf 87' lang='lat' dir='ltr'>&#39;omnia</span> <span class='ocrx_word' id='word_1_198' title='bbox 1021 2684 1118 2764; x_wconf 83' lang='lat' dir='ltr'>ignite</span> <span class='ocrx_word' id='word_1_199' title='bbox 1138 2683 1275 2748; x_wconf 86' lang='lat' dir='ltr'>caritatis</span> <span class='ocrx_word' id='word_1_200' title='bbox 1296 2683 1376 2748; x_wconf 87' lang='lat' dir='ltr'>desi·</span> 
     </span>
     <span class='ocr_line' id='line_1_24' title="bbox 234 2786 1393 2876; baseline -0.001 -26"><span class='ocrx_word' id='word_1_201' title='bbox 234 2788 320 2851; x_wconf 88' lang='lat' dir='ltr'>deria</span> <span class='ocrx_word' id='word_1_202' title='bbox 342 2787 381 2850; x_wconf 92' lang='lat' dir='ltr'>de</span> <span class='ocrx_word' id='word_1_203' title='bbox 402 2786 545 2850; x_wconf 86' lang='lat' dir='ltr'>cordibus</span> <span class='ocrx_word' id='word_1_204' title='bbox 567 2791 603 2850; x_wconf 88' lang='lat' dir='ltr'>te·</span> <span class='ocrx_word' id='word_1_205' title='bbox 620 2786 889 2852; x_wconf 87' lang='lat' dir='ltr'>vehementissimo</span> <span class='ocrx_word' id='word_1_206' title='bbox 911 2805 1017 2873; x_wconf 89' lang='lat' dir='ltr'>amore</span> <span class='ocrx_word' id='word_1_207' title='bbox 1046 2787 1240 2868; x_wconf 82' lang='lat' dir='ltr'>diligenciam</span> <span class='ocrx_word' id='word_1_208' title='bbox 1267 2790 1393 2876; x_wconf 68' lang='lat' dir='ltr'>proce&#39;</span> 
     </span>
     <span class='ocr_line' id='line_1_25' title="bbox 234 2889 1375 2975; baseline 0 -21"><span class='ocrx_word' id='word_1_209' title='bbox 234 2890 358 2969; x_wconf 83' lang='lat' dir='ltr'>denaia,</span> <span class='ocrx_word' id='word_1_210' title='bbox 373 2894 405 2954; x_wconf 90' lang='lat' dir='ltr'>te</span> <span class='ocrx_word' id='word_1_211' title='bbox 426 2889 555 2975; x_wconf 76' lang='lat' dir='ltr'>laudent</span> <span class='ocrx_word' id='word_1_212' title='bbox 578 2895 609 2954; x_wconf 91' lang='lat' dir='ltr'>et</span> <span class='ocrx_word' id='word_1_213' title='bbox 630 2890 813 2955; x_wconf 81' lang='lat' dir='ltr'>benedicant</span> <span class='ocrx_word' id='word_1_214' title='bbox 834 2892 866 2955; x_wconf 91' lang='lat' dir='ltr'>in</span> <span class='ocrx_word' id='word_1_215' title='bbox 887 2891 1000 2956; x_wconf 86' lang='lat' dir='ltr'>secula.</span> <span class='ocrx_word' id='word_1_216' title='bbox 1030 2891 1079 2956; x_wconf 84' lang='lat' dir='ltr'>Ad</span> <span class='ocrx_word' id='word_1_217' title='bbox 1100 2891 1199 2956; x_wconf 86' lang='lat' dir='ltr'>laudis</span> <span class='ocrx_word' id='word_1_218' title='bbox 1213 2890 1375 2956; x_wconf 87' lang='lat' dir='ltr'>tuesolam</span> 
     </span>
     <span class='ocr_line' id='line_1_26' title="bbox 232 2984 1375 3077; baseline -0.001 -18"><span class='ocrx_word' id='word_1_219' title='bbox 232 2995 413 3059; x_wconf 88' lang='lat' dir='ltr'>memoriam</span> <span class='ocrx_word' id='word_1_220' title='bbox 435 2993 558 3059; x_wconf 91' lang='lat' dir='ltr'>domine</span> <span class='ocrx_word' id='word_1_221' title='bbox 578 3013 630 3076; x_wconf 82' lang='lat' dir='ltr'>my</span> <span class='ocrx_word' id='word_1_222' title='bbox 652 3013 705 3059; x_wconf 91' lang='lat' dir='ltr'>cor</span> <span class='ocrx_word' id='word_1_223' title='bbox 726 3013 829 3058; x_wconf 91' lang='lat' dir='ltr'>meum</span> <span class='ocrx_word' id='word_1_224' title='bbox 850 2996 1000 3077; x_wconf 86' lang='lat' dir='ltr'>liquescit,</span> <span class='ocrx_word' id='word_1_225' title='bbox 1023 3014 1131 3061; x_wconf 86' lang='lat' dir='ltr'>sensus</span> <span class='ocrx_word' id='word_1_226' title='bbox 1143 2984 1259 3077; x_wconf 84' lang='lat' dir='ltr'>stupet,</span> <span class='ocrx_word' id='word_1_227' title='bbox 1282 2994 1375 3058; x_wconf 86' lang='lat' dir='ltr'>mira·</span> 
     </span>
     <span class='ocr_line' id='line_1_27' title="bbox 231 3096 1374 3183; baseline 0.002 -21"><span class='ocrx_word' id='word_1_228' title='bbox 231 3103 285 3162; x_wconf 87' lang='lat' dir='ltr'>tur</span> <span class='ocrx_word' id='word_1_229' title='bbox 305 3098 404 3177; x_wconf 87' lang='lat' dir='ltr'>racio,</span> <span class='ocrx_word' id='word_1_230' title='bbox 433 3098 535 3163; x_wconf 82' lang='lat' dir='ltr'>verba</span> <span class='ocrx_word' id='word_1_231' title='bbox 550 3096 711 3177; x_wconf 90' lang='lat' dir='ltr'>deficiunt,</span> <span class='ocrx_word' id='word_1_232' title='bbox 741 3103 773 3162; x_wconf 90' lang='lat' dir='ltr'>et</span> <span class='ocrx_word' id='word_1_233' title='bbox 801 3100 833 3163; x_wconf 93' lang='lat' dir='ltr'>in</span> <span class='ocrx_word' id='word_1_234' title='bbox 855 3101 1071 3183; x_wconf 84' lang='lat' dir='ltr'>memetipsum</span> <span class='ocrx_word' id='word_1_235' title='bbox 1093 3117 1257 3165; x_wconf 82' lang='lat' dir='ltr'>conversus</span> <span class='ocrx_word' id='word_1_236' title='bbox 1279 3099 1374 3164; x_wconf 83' lang='lat' dir='ltr'>alcius</span> 
     </span>
    </p>
   </div>
   <div class='ocr_carea' id='block_1_7' title="bbox 232 3193 1485 3285">
    <p class='ocr_par' dir='ltr' id='par_1_7' title="bbox 232 3193 1485 3285">
     <span class='ocr_line' id='line_1_28' title="bbox 232 3193 1485 3285; baseline 0.002 -19"><span class='ocrx_word' id='word_1_237' title='bbox 232 3202 363 3284; x_wconf 80' lang='lat' dir='ltr'>suspiro.</span> <span class='ocrx_word' id='word_1_238' title='bbox 397 3201 478 3265; x_wconf 83' lang='lat' dir='ltr'>N&#39;am</span> <span class='ocrx_word' id='word_1_239' title='bbox 500 3202 654 3283; x_wconf 87' lang='lat' dir='ltr'>quoddam</span> <span class='ocrx_word' id='word_1_240' title='bbox 676 3201 828 3267; x_wconf 87' lang='lat' dir='ltr'>ineffabile</span> <span class='ocrx_word' id='word_1_241' title='bbox 850 3203 1036 3269; x_wconf 90' lang='lat' dir='ltr'>desiderium</span> <span class='ocrx_word' id='word_1_242' title='bbox 1065 3204 1148 3285; x_wconf 92' lang='lat' dir='ltr'>quod</span> <span class='ocrx_word' id='word_1_243' title='bbox 1175 3222 1297 3268; x_wconf 88' lang='lat' dir='ltr'>ornnem</span> <span class='ocrx_word' id='word_1_244' title='bbox 1318 3221 1374 3268; x_wconf 88' lang='lat' dir='ltr'>na·</span> <span class='ocrx_word' id='word_1_245' title='bbox 1480 3193 1485 3202; x_wconf 60' lang='grc'><strong>”</strong></span> 
     </span>
    </p>
   </div>
   <div class='ocr_carea' id='block_1_8' title="bbox 182 3292 1435 4334">
    <p class='ocr_par' dir='ltr' id='par_1_8' title="bbox 182 3292 1435 4232">
     <span class='ocr_line' id='line_1_29' title="bbox 232 3292 1374 3388; baseline 0.003 -19"><span class='ocrx_word' id='word_1_246' title='bbox 232 3310 302 3370; x_wconf 87' lang='lat' dir='ltr'>ture</span> <span class='ocrx_word' id='word_1_247' title='bbox 323 3292 556 3388; x_wconf 56' lang='lat' dir='ltr'>supergreditur</span> <span class='ocrx_word' id='word_1_248' title='bbox 576 3305 754 3370; x_wconf 88' lang='lat' dir='ltr'>facultatem</span> <span class='ocrx_word' id='word_1_249' title='bbox 776 3310 808 3370; x_wconf 90' lang='lat' dir='ltr'>te</span> <span class='ocrx_word' id='word_1_250' title='bbox 829 3320 984 3371; x_wconf 90' lang='lat' dir='ltr'>summum</span> <span class='ocrx_word' id='word_1_251' title='bbox 995 3307 1109 3372; x_wconf 92' lang='lat' dir='ltr'>bonum</span> <span class='ocrx_word' id='word_1_252' title='bbox 1119 3307 1266 3371; x_wconf 86' lang='lat' dir='ltr'>laudandi</span> <span class='ocrx_word' id='word_1_253' title='bbox 1279 3308 1374 3372; x_wconf 90' lang='lat' dir='ltr'>inme</span> 
     </span>
     <span class='ocr_line' id='line_1_30' title="bbox 231 3400 1375 3499; baseline -0.002 -26"><span class='ocrx_word' id='word_1_254' title='bbox 231 3410 372 3489; x_wconf 85' lang='lat' dir='ltr'>invenio,</span> <span class='ocrx_word' id='word_1_255' title='bbox 400 3410 487 3491; x_wconf 78' lang='lat' dir='ltr'>quo&#39;d</span> <span class='ocrx_word' id='word_1_256' title='bbox 511 3414 617 3477; x_wconf 89' lang='lat' dir='ltr'>tamen</span> <span class='ocrx_word' id='word_1_257' title='bbox 626 3409 775 3499; x_wconf 35' lang='lat' dir='ltr'>,informe</span> <span class='ocrx_word' id='word_1_258' title='bbox 786 3409 833 3491; x_wconf 84' lang='lat'>(6)</span> <span class='ocrx_word' id='word_1_259' title='bbox 844 3410 977 3491; x_wconf 89' lang='lat' dir='ltr'>relinqui</span> <span class='ocrx_word' id='word_1_260' title='bbox 997 3428 1054 3475; x_wconf 90' lang='lat' dir='ltr'>sua</span> <span class='ocrx_word' id='word_1_261' title='bbox 1074 3429 1112 3475; x_wconf 87' lang='lat' dir='ltr'>ex</span> <span class='ocrx_word' id='word_1_262' title='bbox 1138 3400 1375 3492; x_wconf 86' lang='lat' dir='ltr'>inpossibilitate</span> 
     </span>
     <span class='ocr_line' id='line_1_31' title="bbox 233 3510 1435 3595; baseline -0.002 -17"><span class='ocrx_word' id='word_1_263' title='bbox 233 3513 382 3595; x_wconf 71' lang='lat' dir='ltr'>deploro.¹</span> <span class='ocrx_word' id='word_1_264' title='bbox 410 3513 492 3581; x_wconf 88' lang='lat' dir='ltr'>Nam</span> <span class='ocrx_word' id='word_1_265' title='bbox 520 3513 547 3578; x_wconf 87' lang='lat' dir='ltr'>si</span> <span class='ocrx_word' id='word_1_266' title='bbox 576 3517 608 3577; x_wconf 93' lang='lat' dir='ltr'>te</span> <span class='ocrx_word' id='word_1_267' title='bbox 638 3513 849 3595; x_wconf 79' lang='lat' dir='ltr'>intelligendis</span> <span class='ocrx_word' id='word_1_268' title='bbox 872 3531 927 3577; x_wconf 88' lang='lat' dir='ltr'>seu</span> <span class='ocrx_word' id='word_1_269' title='bbox 948 3513 1204 3577; x_wconf 82' lang='lat' dir='ltr'>intellectualibus</span> <span class='ocrx_word' id='word_1_270' title='bbox 1225 3510 1374 3577; x_wconf 88' lang='lat' dir='ltr'>creaturis</span> <span class='ocrx_word' id='word_1_271' title='bbox 1434 3541 1435 3544; x_wconf 38' lang='lat'>¹</span> 
     </span>
     <span class='ocr_line' id='line_1_32' title="bbox 233 3615 1373 3707; baseline -0.004 -25"><span class='ocrx_word' id='word_1_272' title='bbox 233 3635 402 3699; x_wconf 85' lang='lat' dir='ltr'>conparare</span> <span class='ocrx_word' id='word_1_273' title='bbox 424 3617 559 3695; x_wconf 82' lang='lat' dir='ltr'>vobrero,</span> <span class='ocrx_word' id='word_1_274' title='bbox 582 3615 789 3707; x_wconf 86' lang='lat' dir='ltr'>ininfinitum</span> <span class='ocrx_word' id='word_1_275' title='bbox 810 3621 842 3680; x_wconf 88' lang='lat' dir='ltr'>te</span> <span class='ocrx_word' id='word_1_276' title='bbox 863 3616 1044 3697; x_wconf 82' lang='lat' dir='ltr'>supergredi</span> <span class='ocrx_word' id='word_1_277' title='bbox 1066 3620 1190 3681; x_wconf 88' lang='lat' dir='ltr'>cunctas</span> <span class='ocrx_word' id='word_1_278' title='bbox 1215 3619 1373 3686; x_wconf 83' lang='lat' dir='ltr'>creaturas</span> 
     </span>
     <span class='ocr_line' id='line_1_33' title="bbox 233 3719 1373 3802; baseline -0.002 -17"><span class='ocrx_word' id='word_1_279' title='bbox 233 3721 401 3786; x_wconf 85' lang='lat' dir='ltr'>certissime</span> <span class='ocrx_word' id='word_1_280' title='bbox 422 3721 554 3785; x_wconf 89' lang='lat' dir='ltr'>invenio.</span> <span class='ocrx_word' id='word_1_281' title='bbox 588 3721 620 3785; x_wconf 86' lang='lat' dir='ltr'>Si</span> <span class='ocrx_word' id='word_1_282' title='bbox 640 3721 722 3785; x_wconf 89' lang='lat' dir='ltr'>bona</span> <span class='ocrx_word' id='word_1_283' title='bbox 744 3728 783 3784; x_wconf 81' lang='lat' dir='ltr'>ab</span> <span class='ocrx_word' id='word_1_284' title='bbox 801 3720 910 3799; x_wconf 82' lang='lat' dir='ltr'>dulcia,</span> <span class='ocrx_word' id='word_1_285' title='bbox 934 3721 1073 3802; x_wconf 89' lang='lat' dir='ltr'>speciosa</span> <span class='ocrx_word' id='word_1_286' title='bbox 1089 3719 1138 3784; x_wconf 82' lang='lat' dir='ltr'>vel</span> <span class='ocrx_word' id='word_1_287' title='bbox 1151 3719 1291 3801; x_wconf 88' lang='lat' dir='ltr'>graciosa</span> <span class='ocrx_word' id='word_1_288' title='bbox 1300 3735 1373 3783; x_wconf 90' lang='lat' dir='ltr'>con-</span> 
     </span>
     <span class='ocr_line' id='line_1_34' title="bbox 182 3811 1373 3906; baseline -0.003 -16"><span class='ocrx_word' id='word_1_289' title='bbox 182 3842 184 3846; x_wconf 86' lang='lat'>·</span> <span class='ocrx_word' id='word_1_290' title='bbox 232 3825 351 3904; x_wconf 86' lang='lat' dir='ltr'>sidero,</span> <span class='ocrx_word' id='word_1_291' title='bbox 377 3829 411 3889; x_wconf 87' lang='lat' dir='ltr'>te</span> <span class='ocrx_word' id='word_1_292' title='bbox 433 3843 526 3906; x_wconf 91' lang='lat' dir='ltr'>super</span> <span class='ocrx_word' id='word_1_293' title='bbox 547 3824 605 3890; x_wconf 92' lang='lat' dir='ltr'>hec</span> <span class='ocrx_word' id='word_1_294' title='bbox 626 3811 729 3890; x_wconf 84' lang='lat' dir='ltr'>omnia</span> <span class='ocrx_word' id='word_1_295' title='bbox 750 3822 944 3889; x_wconf 85' lang='lat' dir='ltr'>ineffabiliter</span> <span class='ocrx_word' id='word_1_296' title='bbox 963 3824 1137 3905; x_wconf 86' lang='lat' dir='ltr'>graciosum</span> <span class='ocrx_word' id='word_1_297' title='bbox 1158 3840 1241 3901; x_wconf 90' lang='lat' dir='ltr'>esse,</span> <span class='ocrx_word' id='word_1_298' title='bbox 1257 3838 1373 3903; x_wconf 81' lang='lat' dir='ltr'>·ymmo</span> 
     </span>
     <span class='ocr_line' id='line_1_35' title="bbox 234 3908 1373 4010; baseline -0.003 -18.016"><span class='ocrx_word' id='word_1_299' title='bbox 234 3908 407 4010; x_wconf 59' lang='lat' dir='ltr'>quod‘plus</span> <span class='ocrx_word' id='word_1_300' title='bbox 430 3933 492 4008; x_wconf 90' lang='lat' dir='ltr'>est,</span> <span class='ocrx_word' id='word_1_301' title='bbox 521 3928 578 3993; x_wconf 90' lang='lat' dir='ltr'>hec</span> <span class='ocrx_word' id='word_1_302' title='bbox 601 3928 704 3993; x_wconf 91' lang='lat' dir='ltr'>omnia</span> <span class='ocrx_word' id='word_1_303' title='bbox 728 3928 929 4009; x_wconf 88' lang='lat' dir='ltr'>spiritualiter</span> <span class='ocrx_word' id='word_1_304' title='bbox 951 3933 982 3993; x_wconf 89' lang='lat' dir='ltr'>et</span> <span class='ocrx_word' id='word_1_305' title='bbox 1004 3927 1211 3993; x_wconf 77' lang='lat' dir='ltr'>assencialit‘er</span> <span class='ocrx_word' id='word_1_306' title='bbox 1232 3938 1373 3990; x_wconf 79' lang='lat' dir='ltr'>essere-</span> 
     </span>
     <span class='ocr_line' id='line_1_36' title="bbox 233 4028 1373 4115; baseline -0.002 -19"><span class='ocrx_word' id='word_1_307' title='bbox 233 4031 354 4097; x_wconf 87' lang='lat' dir='ltr'>rissime</span> <span class='ocrx_word' id='word_1_308' title='bbox 366 4031 415 4115; x_wconf 82' lang='grc'>(7)</span> <span class='ocrx_word' id='word_1_309' title='bbox 427 4050 587 4113; x_wconf 82' lang='lat' dir='ltr'>cognosco.</span> <span class='ocrx_word' id='word_1_310' title='bbox 622 4032 726 4096; x_wconf 93' lang='lat' dir='ltr'>Unum</span> <span class='ocrx_word' id='word_1_311' title='bbox 749 4032 901 4115; x_wconf 85' lang='lat' dir='ltr'>estquod</span> <span class='ocrx_word' id='word_1_312' title='bbox 923 4032 1025 4097; x_wconf 88' lang='lat' dir='ltr'>dicere</span> <span class='ocrx_word' id='word_1_313' title='bbox 1034 4031 1113 4110; x_wconf 89' lang='lat' dir='ltr'>volo,</span> <span class='ocrx_word' id='word_1_314' title='bbox 1136 4029 1222 4111; x_wconf 90' lang='lat' dir='ltr'>quod</span> <span class='ocrx_word' id='word_1_315' title='bbox 1241 4046 1279 4093; x_wconf 85' lang='lat' dir='ltr'>ex</span> <span class='ocrx_word' id='word_1_316' title='bbox 1292 4028 1373 4094; x_wconf 73' lang='lat' dir='ltr'>eius.</span> 
     </span>
     <span class='ocr_line' id='line_1_37' title="bbox 232 4120 1372 4232; baseline -0.002 -32"><span class='ocrx_word' id='word_1_317' title='bbox 232 4136 317 4202; x_wconf 91' lang='lat' dir='ltr'>modi</span> <span class='ocrx_word' id='word_1_318' title='bbox 339 4135 516 4202; x_wconf 89' lang='lat' dir='ltr'>occursione</span> <span class='ocrx_word' id='word_1_319' title='bbox 536 4137 568 4200; x_wconf 92' lang='lat' dir='ltr'>in</span> <span class='ocrx_word' id='word_1_320' title='bbox 590 4155 640 4202; x_wconf 93' lang='lat' dir='ltr'>me</span> <span class='ocrx_word' id='word_1_321' title='bbox 662 4120 785 4202; x_wconf 86' lang='lat' dir='ltr'>actitari</span> <span class='ocrx_word' id='word_1_322' title='bbox 794 4136 896 4203; x_wconf 86' lang='lat' dir='ltr'>sencio</span> <span class='ocrx_word' id='word_1_323' title='bbox 905 4136 963 4219; x_wconf 87' lang='lat'><em>(8).</em></span> <span class='ocrx_word' id='word_1_324' title='bbox 974 4134 1071 4232; x_wconf 22' lang='lat' dir='ltr'>‘·Cum</span> <span class='ocrx_word' id='word_1_325' title='bbox 1079 4134 1235 4200; x_wconf 91' lang='lat' dir='ltr'>interdum</span> <span class='ocrx_word' id='word_1_326' title='bbox 1244 4132 1372 4216; x_wconf 89' lang='lat' dir='ltr'>pulchre</span> 
     </span>
    </p>

    <p class='ocr_par' dir='ltr' id='par_1_9' title="bbox 298 4243 1372 4334">
     <span class='ocr_line' id='line_1_38' title="bbox 298 4243 1372 4334; baseline -0.007 -11"><span class='ocrx_word' id='word_1_327' title='bbox 298 4257 336 4323; x_wconf 76' lang='lat'>‹1›</span> <span class='ocrx_word' id='word_1_328' title='bbox 355 4262 443 4321; x_wconf 76' lang='lat' dir='ltr'>narr.</span> <span class='ocrx_word' id='word_1_329' title='bbox 464 4263 514 4334; x_wconf 83' lang='lat' dir='ltr'>aa,</span> <span class='ocrx_word' id='word_1_330' title='bbox 535 4263 630 4320; x_wconf 83' lang='lat'><strong><em>17-21.</em></strong></span> <span class='ocrx_word' id='word_1_331' title='bbox 651 4294 695 4305; x_wconf 97' lang='lat'>-</span> <span class='ocrx_word' id='word_1_332' title='bbox 717 4255 750 4324; x_wconf 85' lang='lat'>(·2)</span> <span class='ocrx_word' id='word_1_333' title='bbox 774 4262 859 4320; x_wconf 75' lang='lat' dir='ltr'>acac</span> <span class='ocrx_word' id='word_1_334' title='bbox 881 4255 1057 4331; x_wconf 69' lang='lat' dir='ltr'>raea-</span> <span class='ocrx_word' id='word_1_335' title='bbox 1079 4254 1112 4320; x_wconf 79' lang='lat' dir='ltr'>(a</span> <span class='ocrx_word' id='word_1_336' title='bbox 1133 4243 1314 4334; x_wconf 76' lang='lat' dir='ltr'>Llaguidum</span> <span class='ocrx_word' id='word_1_337' title='bbox 1328 4291 1372 4302; x_wconf 92' lang='lat'><em>-</em></span> 
     </span>
    </p>
   </div>
   <div class='ocr_carea' id='block_1_9' title="bbox 232 4338 1372 4495">
    <p class='ocr_par' dir='ltr' id='par_1_10' title="bbox 232 4338 1372 4495">
     <span class='ocr_line' id='line_1_39' title="bbox 233 4338 1372 4415; baseline -0.004 -5"><span class='ocrx_word' id='word_1_338' title='bbox 233 4343 267 4410; x_wconf 83' lang='lat'>(4)</span> <span class='ocrx_word' id='word_1_339' title='bbox 289 4348 434 4415; x_wconf 82' lang='lat' dir='ltr'>Futinam</span> <span class='ocrx_word' id='word_1_340' title='bbox 478 4347 642 4406; x_wconf 87' lang='lat' dir='ltr'>Dvicinam</span> <span class='ocrx_word' id='word_1_341' title='bbox 663 4349 771 4406; x_wconf 86' lang='lat' dir='ltr'>utinam</span> <span class='ocrx_word' id='word_1_342' title='bbox 792 4381 836 4390; x_wconf 90' lang='lat'>—</span> <span class='ocrx_word' id='word_1_343' title='bbox 858 4342 892 4409; x_wconf 82' lang='lat'>(⁵)</span> <span class='ocrx_word' id='word_1_344' title='bbox 915 4346 971 4404; x_wconf 91' lang='lat' dir='ltr'>MP</span> <span class='ocrx_word' id='word_1_345' title='bbox 982 4347 1061 4405; x_wconf 79' lang='lat' dir='ltr'>fortia</span> <span class='ocrx_word' id='word_1_346' title='bbox 1089 4378 1133 4388; x_wconf 92' lang='lat'>-</span> <span class='ocrx_word' id='word_1_347' title='bbox 1155 4338 1188 4406; x_wconf 79' lang='grc'>(6)</span> <span class='ocrx_word' id='word_1_348' title='bbox 1210 4345 1372 4405; x_wconf 82' lang='lat' dir='ltr'>Lexicrma</span> 
     </span>
     <span class='ocr_line' id='line_1_40' title="bbox 232 4426 1312 4495; baseline -0.002 -1"><span class='ocrx_word' id='word_1_349' title='bbox 232 4466 276 4476; x_wconf 92' lang='lat'><em>-</em></span> <span class='ocrx_word' id='word_1_350' title='bbox 299 4428 332 4494; x_wconf 81' lang='lat'>(7)</span> <span class='ocrx_word' id='word_1_351' title='bbox 356 4434 590 4494; x_wconf 83' lang='lat' dir='ltr'>CDPverissime</span> <span class='ocrx_word' id='word_1_352' title='bbox 612 4440 678 4494; x_wconf 83' lang='lat' dir='ltr'>esse</span> <span class='ocrx_word' id='word_1_353' title='bbox 719 4433 790 4493; x_wconf 90' lang='lat' dir='ltr'>Mte</span> <span class='ocrx_word' id='word_1_354' title='bbox 812 4450 874 4492; x_wconf 83' lang='lat' dir='ltr'>esse</span> <span class='ocrx_word' id='word_1_355' title='bbox 896 4435 1042 4492; x_wconf 77' lang='lat' dir='ltr'>venssime</span> <span class='ocrx_word' id='word_1_356' title='bbox 1064 4465 1107 4474; x_wconf 91' lang='lat'>-</span> <span class='ocrx_word' id='word_1_357' title='bbox 1129 4426 1163 4495; x_wconf 80' lang='lat'>(8)</span> <span class='ocrx_word' id='word_1_358' title='bbox 1186 4428 1312 4492; x_wconf 76' lang='lat' dir='ltr'>Usensio</span> 
     </span>
    </p>
   </div>
   <div class='ocr_carea' id='block_1_10' title="bbox 0 0 1620 5130">
    <p class='ocr_par' dir='ltr' id='par_1_11' title="bbox 0 0 1620 5130">
     <span class='ocr_line' id='line_1_41' title="bbox 0 0 1620 5130; baseline 0 0"><span class='ocrx_word' id='word_1_359' title='bbox 0 0 1620 5130; x_wconf 95' lang='lat' dir='ltr'> </span> 
     </span>
    </p>
   </div>
  </div>
 </body>
</html>
