3000 5196
200 365 262 427 180

196 518 347 569 oonmune
367 499 444 564 satis
465 497 504 562 de
525 496 752 580 hoc(l)habes
775 497 814 561 de
835 515 932 577 puero
954 496 986 562 in
1010 514 1133 562 carcere
1154 500 1229 562 nato
1244 500 1280 562 et
1294 496 1356 562 diu

196 605 330 682 nutdto,
360 604 413 685 qui
440 621 498 684 pro
519 602 653 666 mirabili
675 600 803 666 haberet
825 602 852 666 si
874 602 942 683 quis
964 602 993 665 ei
1015 601 1055 665 de
1077 620 1168 667 oiirsu
1196 602 1355 685 syderum

197 712 229 772 et
240 708 288 790 (2)
299 707 503 788 disposicione
524 706 606 771 orbis
627 705 726 769 multa
747 722 875 769 narrare
887 704 989 770 vellet.
1022 703 1157 770 Proinde
1167 707 1353 772 necessario

196 812 286 879 valde
300 810 403 874 divina
415 809 571 890 sapiencia
585 809 761 889 ignorancie
774 806 908 871 humane
921 807 1178 887 condescendens
1193 807 1354 890 predicta

195 921 354 997 tamquam
375 912 553 977 facultatem
568 912 735 977 humanam
752 910 934 976 excedentia
948 910 1264 976 hominibustradidit
1278 929 1353 976 cre-

197 1017 315 1083 denda:
339 1018 555 1098 cuitamquam
570 1016 694 1082 veritati
713 1014 864 1094 infallibili
875 1014 1060 1079 adherentes
1072 1013 1132 1097 (3),
1154 1015 1253 1080 solido
1267 1013 1352 1080 fide-

195 1123 242 1186 les
261 1122 444 1185 innituntur·
455 1118 666 1198 fundamento,
689 1120 838 1184 maiorem
860 1117 931 1182 inde
950 1118 1166 1183 certitudinem
1180 1117 1350 1201 habentes,

197 1243 290 1308 quam
311 1225 338 1290 si
358 1224 527 1288 intellectui
549 1224 729 1305 cuicumque
752 1223 816 1287 sive
838 1223 965 1304 proprio
994 1221 1043 1287 vel
1055 1221 1103 1306 (4)
1115 1222 1217 1287 alieno
1245 1223 1285 1286 in-
1302 1238 1352 1288 re

196 1329 274 1396 scita
295 1331 328 1391 et
348 1327 586 1409 proportionata
607 1327 821 1391 inniterentur.
855 1324 1118 1391 DISCIPULUS:
1140 1325 1351 1391 Evidentissi-

195 1433 255 1498 mis
275 1430 383 1513 utique
403 1430 658 1512 persuasionibus
679 1428 772 1495 fidem
794 1429 887 1493 michi
908 1428 998 1493 huius
1021 1429 1205 1494 sacramenti
1217 1430 1351 1510 astruis,

196 1541 229 1600 et
249 1534 482 1600 ammiraciones
495 1533 603 1625 noxias
616 1532 802 1614 timidasque
817 1532 1021 1614 cogitaciones
1036 1531 1351 1598 animuminfirmum

127 1663 130 1667 ·
194 1636 549 1721 inpulsantes(5)tpllis.
583 1637 631 1700 Ex
652 1636 711 1700 hiis
733 1653 867 1717 namque
879 1635 1048 1716 perpendo,
1071 1635 1283 1717 quodstultus
1298 1642 1352 1703 est

195 1742 370 1807 intellectus
391 1759 523 1823 querens
544 1740 735 1822 inpossibilia
757 1743 788 1803 et
810 1739 997 1825 perscrutari
1021 1739 1146 1821 cupiens
1167 1739 1351 1822 inperseru-

195 1847 310 1926 tabilia,
333 1846 386 1927 qui
408 1854 503 1927 opera
525 1844 690 1915 deisolius
712 1836 868 1923 magnalia
889 1843 969 1907 scire
991 1844 1159 1923 contendit,
1183 1847 1350 1910 ettamen

194 1950 232 2015 in·
249 1949 426 2030 cognicione
445 1947 664 2029 operaciomrm
686 1949 797 2009 nature
820 1942 931 2009 deficit.
965 1944 1047 2022 Quid
1069 1945 1200 2029 amplius
1215 1963 1352 2013 siccome

196 2058 245 2120 est
264 2053 358 2117 michi
379 2052 457 2116 scire
478 2050 527 2116 vel
541 2044 748 2130 investigare?
776 2040 845 2113 Scio
861 2054 893 2112 et
906 2047 1079 2121 finnissime
1094 2049 1195 2129 credo,
1210 2051 1286 2132 quia
1294 2053 1349 2136 (6)

194 2140 231 2223 tu
252 2175 286 2222 es
307 2171 428 2221 summa
450 2159 481 2218 et
502 2152 622 2218 infinita
635 2153 804 2237 petenda,
827 2152 948 2236 queit)
962 2153 1065 2217 omnia
1085 2157 1189 2234 potes:
1212 2153 1351 2222 Summa

189 2244 228 2327 et
248 2262 356 2326 eterna
376 2259 540 2341 sapiencia,
564 2258 616 2340 qui
626 2257 676 2349 (8)
689 2257 793 2322 omnia
814 2257 874 2323 scis
893 2261 925 2321 et
937 2256 1040 2336 vides:
1064 2245 1302 2348 simplicissima
1313 2264 1350 2324 et

194 2365 383 2430 inmutabilis
403 2364 529 2442 veritos,
551 2377 611 2444 que
624 2361 672 2445 (9)
684 2362 809 2458 mentiri
831 2366 863 2431 et
884 2359 991 2425 fallere
1012 2365 1174 2442 nonpotes
1187 2360 1267 2444 (10).
1300 2362 1349 2428 Et

194 2469 265 2534 ideo
286 2466 355 2534 finis
376 2466 448 2533 fidei
461 2484 547 2546 xmae,
571 2464 706 2530 anchora
723 2466 790 2546 spei
800 2482 888 2544 mee,
901 2463 949 2528 Tu
964 2482 996 2529 es
1011 2464 1094 2528 nrmc'
1108 2470 1140 2528 et
1153 2465 1345 2557 ineternum,

194 2574 293 2655 seieps
315 2572 388 2659 quia
407 2572 516 2637 beatus
537 2570 630 2661 homo
644 2569 709 2651 .qui·
728 2571 834 2650 sperat
854 2569 887 2632 in
908 2572 950 2638 te.
992 2568 1198 2646 Quamobrem
1222 2570 1345 2650 gaude-

194 2764 288 2858 unui,
301 2777 371 2862 (ιι)
384 2777 466 2860 quae
487 2776 540 2839 uu
562 2767 735 2840 calceavi
755 2792 838 2839 nunc
858 2775 1020 2856 inpenso.
1062 2774 1164 2853 uuam
1184 2775 1282 2840 trata
1297 2795 1344 2843 aas

193 2884 297 2948 anima
316 2899 396 2960 mea,
419 2885 451 2944 et
472 2897 567 2961 quare
590 2878 755 2944 conturbas
776 2878 932 2962 me(12)?
963 2879 1092 2944 Jhesum
1115 2879 1341 2963 quesisti(l3),

193 2990 226 3050 et
246 2985 373 3050 Jhesum
389 2984 541 3049 invenisti.
572 2984 689 3049 Abesse
704 2978 850 3047 dilectum
860 2986 948 3046 tuum
961 2983 1065 3077 sepius
1080 2982 1141 3047 huc
1153 3000 1342 3065 nsqueoau-
1402 2970 1406 2975 ”

192 3089 320 3169 sabaria,
343 3082 377 3179 et'
395 3106 465 3153 cum
486 3082 836 3170 quemlibet(14)letari
858 3087 897 3150 de
912 3074 1014 3150 dilecti
1026 3087 1185 3168 presencia
1198 3086 1339 3169 videbas,

30 3168 34 3173 ⁴
128 3278 131 3282 ,
192 3186 350 3285 invidebas
371 3209 407 3256 ac
427 3190 657 3272 ingemiscebas,
680 3207 717 3254 eo
739 3188 823 3270 qnod
844 3188 930 3252 illum
942 3193 1091 3271 ⁸quemtu
1105 3189 1264 3270 diligebas,
1278 3192 1341 3256 mi-

191 3278 274 3363 nime
294 3299 470 3379 presentem
485 3286 670 3359 inveniebas.
698 3291 907 3372 Dicebasque:
931 3292 958 3356 0
974 3290 1076 3356 dilecti
1091 3294 1156 3357 mei
1163 3294 1339 3361 subtraccio

191 3401 332 3480 crudelis,
355 3400 440 3464 cirins
462 3396 600 3479 mesola
620 3396 719 3478 pascit
740 3396 899 3460 memoria.
929 3395 1065 3461 Litteras
1078 3397 1193 3476 scribit,
1206 3398 1338 3464 nundos

72 3586 75 3591 Ι
190 3505 302 3584 mittit3
330 3522 419 3569 suam
440 3515 513 3568 vero
535 3501 727 3584 presenciam
749 3490 921 3578 subtrahit,
953 3503 985 3563 et
1006 3499 1337 3584 oeldo-quodam(15)

190 3607 333 3678 invisibili
347 3607 487 3695 omnibus
498 3605 641 3671 conmuni
652 3622 702 3669 me
712 3602 846 3685 respicit.
876 3602 938 3668 Sed
952 3585 1211 3685 prochdolor·hoc
1228 3621 1337 3668 aman-

165 3727 170 3735 ·
193 3717 293 3780 tinen
309 3709 435 3777 'sufficit
469 3709 644 3775 Jnleotulo
663 3726 745 3787 meo,
758 3725 815 3789 per
835 3710 942 3779 noctes
954 3706 1023 3789 (16)
1035 3708 1137 3789 ipsum
1160 3727 1255 3793 quero
1277 3727 1337 3774 nec

193 3818 325 3890 invenio.
357 3815 399 3880 Jn
426 3831 534 3878 mensa
555 3804 765 3894 cncumspicio'
786 3830 844 3877 nec
864 3812 965 3894 ipsum
986 3811 1085 3876 video.
1117 3811 1159 3876 Jn
1186 3813 1336 3878 lateribus

201 3978 208 3993 ’
259 3990 417 4062 (lleatis
438 4005 578 4049 conmune
599 3990 635 4068 de
654 3988 711 4064 boc
744 3987 944 4050 CPconmune
965 3989 1002 4048 de
1023 3989 1079 4048 hoc
1100 3982 1270 4050 satis—(2)
1286 3987 1335 4046 FJ

195 4085 257 4155 odd
277 4083 313 4142 de
330 4110 374 4125 -
395 4071 438 4145 (3),
453 4075 702 4134 Finherentes-
723 4068 760 4139 (4)
781 4076 988 4135 BDLsivc-
1009 4069 1056 4140 (5),
1069 4073 1178 4133 ODGP
1205 4070 1336 4130 ulsantes

185 4178 238 4221 ⁴-
258 4165 295 4234 (6)
317 4148 551 4240 ‘BDLquode
572 4155 608 4225 (i)
631 4158 769 4234 cflrqui
814 4162 910 4237 una
937 4193 982 4204 -
1003 4156 1039 4223 (8)
1060 4157 1157 4217 BFJL
1202 4171 1258 4229 qne
1302 4157 1331 4213 D

193 4274 252 4337 qua
270 4256 316 4298 '—
337 4246 374 4315 (9)
397 4249 551 4322 ana-
572 4240 626 4310 (10)
649 4245 856 4321 CPpotest-
877 4243 928 4309 (¹1)
950 4244 1050 4304 Lcdd
1069 4248 1151 4299 et—
1173 4236 1227 4304 (12)
1248 4242 1331 4301 Psal.

193 4345 239 4410 41,
261 4343 289 4398 6.
309 4370 353 4378 —
375 4330 473 4397 (13)·1,
485 4333 630 4408 quesivisti
651 4365 695 4378 -—
715 4327 767 4397 (14)
789 4333 843 4392 JM
854 4330 1011 4407 quamlibet
1030 4358 1075 4369 -
1097 4321 1148 4391 (15)
1171 4326 1331 4413 Βτᾳιιίῑίθω

192 4455 237 4501 ···:
256 4418 309 4485 (161
332 4419 383 4478 CD
397 4425 522 4479 noctem.
545 4417 630 4480 Cant.
652 4421 681 4490 3,
703 4422 727 4478 l.
1173 4439 1181 4453 ·
