3000 5196
1276 419 1388 481 49⁴

174 557 336 622 innumera
358 553 488 618 adversa
510 570 570 635 que
591 556 768 633 emergrmt,
790 555 921 633 possunt
942 550 1044 615 dicere
1066 568 1136 614 cum
1161 550 1319 631 apostolo:

175 659 264 724 Foris
285 675 388 739 pugne
402 655 460 739 (l),
483 656 570 720 intus·
589 656 725 741 timores.
760 655 802 718 Et
816 658 888 735 post
902 654 1005 719 omnia
1022 654 1083 717 alia
1095 653 1241 734 pericida
1264 655 1320 719 ba·
1373 641 1376 645 ¹

175 763 278 829 buisse
300 780 334 825 se
351 760 488 843 pericula
502 760 533 823 in
546 758 631 824 falsis
646 758 792 823 iratribus
804 757 852 841 (2)
866 758 1047 822 concludere
1060 762 1200 838 possunt.
1230 756 1321 822 Tales

176 885 239 934 nou
258 864 400 928 inmerito
422 863 600 934 martiribus
623 866 846 944 conparantur,
878 860 950 942 quia
979 861 1114 942 exceptis
1136 861 1209 928 aliis
1227 860 1321 925 afflic-

177 968 313 1033 cionibus
333 966 562 1049 multiplicibus,
586 971 662 1048 quot
683 965 944 1045 transgressiones
967 969 1076 1029 contra
1086 962 1178 1029 deum
1191 965 1241 1030 vel
1255 966 1319 1030 ius-

176 1072 280 1136 ticiam
302 1069 370 1134 fieri
384 1070 533 1148 ¹viderint,
558 1070 647 1151 quasi
667 1073 716 1134 tot
736 1068 846 1149 gladiis
868 1068 968 1132 intimi
990 1068 1104 1133 doloris
1125 1070 1320 1147 transverbe-

176 1180 296 1240 rantur.
331 1173 391 1238 Sed
414 1193 476 1238 non
499 1174 539 1237 ad
561 1173 772 1254 insipienciam
795 1171 853 1236 sibi
864 1170 923 1253 (3).
958 1172 1008 1236 Ad
1028 1171 1113 1252 ipsos
1131 1178 1323 1253 namqueest

176 1299 236 1345 vox
258 1296 317 1360 que
339 1277 431 1341 dicit:
453 1277 555 1341 Dicite
576 1278 667 1355 iusto,
692 1262 836 1356 quoniam
858 1276 955 1354 bene,
970 1277 1115 1366 quoniam
1126 1276 1175 1358 (4)
1186 1275 1322 1340 fructum

177 1381 433 1448 adinvenoionum
455 1398 582 1445 suarum
605 1374 753 1444 comedet}
787 1378 834 1443 Ve
855 1379 939 1460 inpio
960 1379 993 1442 in
1014 1380 1147 1459 malum,
1178 1379 1252 1460 quia
1273 1397 1322 1444 re·

176 1486 306 1552 tribucio
329 1503 458 1566 operum
479 1485 576 1565 ipsius
597 1483 651 1548 fiet
674 1482 774 1566 εισι)
808 1483 877 1565 Jpsi
900 1483 1045 1563 esurient,
1069 1483 1323 1548 alvos-comede·

176 1589 233 1667 tis;
256 1589 315 1670 ipsi
336 1587 455 1667 sicient,
479 1592 511 1652 et
532 1607 586 1652 vos
607 1587 728 1652 bibetis.
762 1587 805 1650 Et
826 1590 942 1668 quanto
966 1603 1004 1649 ex
1026 1586 1110 1650 omni
1131 1592 1220 1668 parte
1243 1585 1323 1651 diffi-

177 1692 263 1756 cilior
285 1709 392 1756 eorum
415 1696 463 1754 est
485 1686 684 1770 congressus,
712 1694 821 1771 utpote
842 1689 1088 1753 conmilitonibus
1113 1707 1133 1752 a
1154 1690 1270 1756 dextris
1292 1695 1325 1756 et
1368 1678 1370 1689 ’

177 1815 198 1861 a
219 1795 352 1861 sinistris
375 1813 427 1859 cos
450 1814 512 1859 non
534 1793 760 1872 adiuvantibus,
783 1793 838 1858 sed
859 1792 1046 1874 prochdolor
1067 1793 1230 1858 adversam
1251 1813 1331 1876 par<

176 1903 241 1963 tem
262 1898 461 1982 laventibus(
483 1898 514 1981 ),
540 1902 633 1963 tanto
655 1897 761 1961 multis
782 1897 1050 1978 predecessoribus
1072 1897 1126 1978 qui
1145 1898 1323 1964 innumeros

178 2002 370 2067 coadiutores
392 2003 441 2067 sui
461 2003 612 2084 propositi
624 2001 809 2082 habuerunt,
825 2002 974 2065 maiorem
986 2002 1019 2065 in
1030 2001 1134 2066 futuro
1149 2003 1324 2068 mercedem

116 2176 121 2182 ,
178 2105 347 2170 secundum
367 2124 459 2169 suum
480 2104 618 2169 laborem
639 2105 798 2184 recipient.
832 2103 924 2168 Unde
946 2106 1029 2185 quod
1053 2105 1086 2168 in
1114 2106 1254 2186 predicta
1282 2108 1323 2173 si·

180 2209 353 2274 militudine
374 2207 479 2272 vidisti
501 2207 660 2291 quosdam,
684 2207 738 2286 qui
759 2209 823 2270 non'
843 2208 948 2271 nullos'
966 2208 1009 2270 ad
1028 2226 1079 2271 me
1101 2199 1247 2272 accedere
1271 2204 1338 2274 vo?

178 2313 278 2377 lentes
300 2310 514 2392 prohibebant,
537 2311 639 2389 signat
652 2308 700 2389 (7)
713 2324 766 2372 eos
788 2309 843 2388 qui
863 2314 982 2373 ceteros
1003 2309 1119 2377 bouum
1131 2312 1325 2392 propositum

179 2415 329 2479 habentes
352 2413 415 2478 suis
437 2412 526 2477 malis
547 2413 719 2493 depravant
749 2411 881 2476 consiliis
910 2411 959 2476 vel
970 2411 1019 2493 (8)
1032 2413 1194 2494 exemplis
1225 2420 1258 2480 et
1284 2417 1326 2482 ad

179 2520 279 2583 instar
298 2501 513 2600 phariseorum
523 2498 585 2580 -ad'
597 2515 693 2593 vit-am
714 2501 777 2578 n'on
794 2514 921 2594 intrant,
948 2533 1005 2580 nec
1016 2516 1207 2583 introeuntes
1220 2519 1326 2585 sinunt

179 2623 310 2688 intrare:
334 2621 394 2700 Qui
415 2621 513 2685 eciam
528 2620 577 2685 dei
594 2618 781 2700 sapienciam
802 2636 856 2683 ore
873 2619 1042 2700 inpiissime
1059 2620 1325 2706 blasphemabant,

180 2731 213 2791 et
234 2731 354 2792 ceteros
375 2726 408 2789 in
429 2725 530 2806 ipsum
553 2723 714 2814 credentes
729 2722 828 2787 modis
842 2723 982 2788 omnibus
997 2730 1137 2790 avertere
1152 2727 1325 2810 cupiebant,

179 2831 372 2895 seductorem
395 2848 466 2894 eum
487 2816 688 2911 appellantes.
719 2826 773 2896 Sic
793 2826 1010 2909 pleriquenon
1024 2834 1154 2909 urgente
1168 2831 1324 2897 conscien-
1435 2907 1442 2916 ⁵

180 2935 242 3013 cia,
272 2934 327 2999 sed
349 2932 527 2998 stimulante
549 2921 685 3011 invidia,
711 2931 794 3015 alios¹
816 2930 853 2994 in'
870 2932 981 3012 graciis
1004 2950 1038 2996 se
1060 2934 1263 3014 precedentes
1286 2937 1325 3003 de

179 3036 260 3102 bono
283 3054 376 3118 opere
397 3036 537 3118 lapidant
549 3034 608 3118 (9),
632 3035 706 3098 dum
730 3035 1030 3117 eorum-depravare
1052 3037 1133 3102 bona
1157 3057 1258 3119 opera
1274 3058 1325 3105 co·

179 3158 247 3203 ram
268 3140 373 3203 mrdtis
386 3139 530 3220 (10)non
550 3142 692 3220 cessant..
718 3139 760 3202 Et
782 3138 835 3203 ubi
857 3137 981 3204 -iactum
994 3141 1041 3206 in
1070 3142 1129 3225 se(
1136 3140 1327 3225 ll)propter.

118 3245 127 3272 ’
180 3241 1324 3330 bonitatisevidenciamperverterenonpossunt,saltemintencionemtla)

180 3343 275 3407 invidi
297 3344 487 3410 detractores
509 3341 718 3427 calumpniare
731 3339 1048 3428 (13).'cona1itm·,·ut·
1060 3348 1104 3412 sio
1126 3349 1249 3429 quidem
1267 3367 1324 3415 eos

160 3447 259 3529 'quos
280 3449 410 3528 positive
432 3467 547 3530 equare
568 3468 630 3514 non
652 3446 814 3530 poterant,
843 3450 953 3514 saltem
966 3452 1126 3530 ,privative
1146 3453 1324 3532 precedant.

180 3551 305 3645 invidia
324 3570 458 3634 namque
480 3553 601 3634 dyaboli
621 3551 874 3634 intravit(lt)in
896 3553 1002 3617 orbem
1020 3557 1184 3618 terrarum.
1213 3554 1324 3635 Jpsuun

180 3650 407 3738 secuntur(15)
420 3657 473 3738 qui
494 3661 567 3721 sunt
588 3664 626 3720 ex
647 3659 738 3738 parte
753 3655 835 3718 eius.

247 3773 280 3843 (¹)
303 3753 542 3855 curnponPgne.
567 3780 634 3839 cor.
654 3779 705 3850 11,
735 3780 767 3849 ι,
792 3780 820 3836 a.
841 3810 889 3851 -,
908 3773 941 3840 rb
958 3777 1033 3837 oa.
1054 3779 1104 3850 ιι,
1124 3783 1180 3856 ιι,
1209 3785 1258 3841 ιι.
1279 3817 1324 3828 -

182 3860 217 3928 (3)
238 3867 321 3924 Psol.
342 3869 386 3936 21,
408 3868 437 3923 3.
458 3898 502 3908 —
523 3862 557 3929 (4)
580 3866 690 3923 Eiusto
713 3866 847 3939 quoniam
870 3865 942 3924 bene
959 3867 1094 3940 quoniam
1110 3866 1182 3926 bene
1215 3869 1323 3930 ADFP

178 3955 256 4012 iusto
284 3955 420 4026 qnoniam
442 3952 515 4009 bene
535 3983 580 3993 -
601 3945 635 4014 (5)
657 3951 728 4009 lsai.
750 3954 785 4022 3,
814 3954 909 4010 10-11.
937 3985 982 3995 -
1003 3948 1037 4017 (6)
1061 3953 1259 4031 Bloventibus
1279 3990 1324 4000 -

183 4033 219 4102 (7)
239 4038 479 4115 FHMsignificat
521 4036 576 4096 BG
588 4037 749 4114 significant
769 4070 814 4079 —
835 4033 868 4101 (8)
891 4038 969 4097 CDF
985 4045 1014 4097 et
1033 4071 1078 4081 -
1100 4035 1134 4103 (9)
1155 4041 1249 4102 doen.
1277 4047 1324 4117 10,

183 4128 232 4183 33.
253 4157 298 4167 -
319 4120 371 4189 (10)
392 4122 478 4184 BGH
489 4123 584 4182 multis
606 4141 702 4183 coram
723 4139 769 4166 --·
790 4121 841 4189 (11)
863 4123 884 4183 J
895 4128 923 4183 in
945 4128 1014 4201 ipsis
1028 4157 1072 4166 —
1094 4121 1145 4189 (1²)
1168 4127 1217 4187 DJ
1226 4127 1325 4190 inten-

183 4213 266 4271 aioni.
291 4211 457 4271 cassiodor.
479 4211 555 4269 Hoc.
577 4210 684 4269 Eccles.
705 4210 731 4283 I,
754 4213 807 4269 14:
842 4228 919 4289 „non
940 4214 1115 4271 abstinentes
1138 4216 1223 4272 etiam
1246 4218 1325 4292 apud

183 4313 283 4356 omnes
313 4304 428 4357 nostrae
458 4299 556 4372 pietati
586 4296 782 4357 calumniari“.
815 4331 860 4340 —
888 4292 939 4362 (13)
962 4297 1049 4356 DMP
1065 4298 1251 4376 calumpniari
1281 4338 1325 4349 —-

183 4378 235 4447 (¹4)
257 4383 464 4443 AFPintravit
485 4402 561 4443 rnors
603 4383 658 4442 BD
671 4402 748 4443 mors
769 4386 895 4445 intravit.
926 4384 1057 4460 Scpicat.
1085 4388 1120 4457 2,
1148 4389 1254 4450 24-25,
1281 4425 1326 4437 .-

184 4464 235 4532 (Ῑ5)
257 4472 302 4528 iia
323 4469 487 4529 ABEGHL

1044 4560 1066 4630 4
