3000 5196
172 333 235 394 204

172 468 269 533 donec
289 466 323 531 in
343 468 572 546 resurreccione
593 467 687 532 beata
708 484 819 549 corpus
842 471 874 531 et
896 467 999 532 anima
1020 469 1139 550 pariter
1159 470 1265 550 unita,
1291 471 1327 535 in

171 576 225 635 tue
245 571 345 636 laudis
366 570 590 652 glorificacione
613 571 799 636 eternaliter·
813 571 1005 653 copulentur.
1040 573 1122 640 Sane
1151 593 1244 655 quam
1268 576 1328 640 diu

172 674 274 739 adhuc
294 673 467 758 sum(l)in
488 675 547 739 hcc
570 675 707 756 corporis
730 674 885 756 ergastulo
898 675 958 758 (2),
981 681 1055 757 peto
1070 669 1231 741 moimari
1245 696 1327 759 qua·

171 779 244 844 liter
265 778 386 844 adhoc
407 780 603 860 perveniam,
633 783 670 843 ut
698 797 736 843 er
749 783 825 847 ¹toto
848 780 940 844 corde
962 784 994 845 et
1016 798 1054 845 ex
1075 785 1143 847 tota
1164 782 1269 846 anima
1292 787 1328 847 et

174 902 212 948 ex
234 883 375 967 omnibus
396 883 512 948 viribus
534 884 612 948 meis
634 884 718 948 omni
739 888 880 966 tempore
903 885 1036 966 quadam
1049 886 1224 951 incessabili
1244 887 1329 968 iugi·

173 992 240 1053 tate
260 987 433 1052 tc'valeam
456 987 593 1052 laudare.
615 986 714 1053 Jstius
729 989 922 1069 namq'ue'rei
931 989 980 1070 (3)
986 1007 1043 1070 pre
1056 990 1190 1055 maximo
1202 990 1328 1055 deside-

173 1093 230 1171 rio,
248 1093 351 1173 sepius
369 1093 452 1156 intra
464 1110 514 1156 me
533 1092 626 1157 corde
635 1090 753 1157 fervido
768 1092 923 1157 dicebam:
943 1092 970 1157 0
985 1093 1078 1175 primi
1088 1094 1209 1159 mobilis
1219 1099 1328 1159 motus

174 1196 382 1261 velocissimus
405 1196 479 1277 quid
497 1195 647 1261 festinas?
668 1195 731 1261 Gur
747 1200 812 1259 tam
832 1197 980 1279 velociter
996 1197 1190 1278 pertransis?
1206 1197 1326 1274 Quam-

99 1382 104 1391 1
176 1300 282 1365 obrem
304 1299 349 1363 sic
369 1300 540 1380 properas?
562 1300 698 1375 Obsecro
718 1305 752 1364 te
772 1284 980 1383 hoc(4)quod
1004 1305 1053 1365 est
1073 1301 1252 1382 inpossibile
1274 1299 1328 1366 fac

176 1402 331 1482 possibile,
355 1406 386 1466 et
407 1406 457 1467 sta
470 1404 637 1486 paulisper.
659 1403 814 1469 Morosius
829 1423 895 1485 age.
919 1404 972 1469 Sol
985 1408 1094 1468 contra
1107 1392 1251 1468 occasum
1261 1423 1328 1470 non

176 1510 346 1584 moveatur,
370 1506 467 1571 donec
488 1507 521 1571 in
543 1506 602 1572 hoe
623 1512 739 1594 puncto
757 1512 789 1572 et
803 1509 834 1571 in
846 1508 983 1590 presenti
993 1508 1151 1572 ictu‘oculi
1162 1507 1254 1571 huius
1268 1506 1328 1572 ho-

131 1669 135 1676 .
175 1608 243 1672 rule
265 1608 422 1675 dominum
435 1628 549 1690 meum,
572 1611 717 1676 dilectum
733 1630 846 1690 meum,
870 1604 905 1675 et
912 1611 1038 1675 unicum
1057 1611 1158 1675 cordis
1174 1611 1237 1674 mei
1248 1628 1328 1691 gau·

148 1784 152 1789 ,
177 1711 262 1775 dium
284 1713 402 1797 cencies
423 1714 523 1779 milies
545 1709 717 1779 collaudem
740 1719 771 1780 et
791 1713 958 1795 glorificem
974 1733 1015 1779 cx
1027 1715 1143 1789 intimis
1157 1715 1327 1803 visceribus

176 1815 409 1897 precordiorum
431 1827 589 1882 meorum:
605 1818 685 1897 -Hoc
695 1817 744 1901 (5)
757 1837 880 1901 quoque
901 1820 1005 1901 sepius
1026 1818 1119 1882 michi
1131 1817 1232 1883 fateor
1246 1817 1328 1882 acci-

177 1920 370 1985 (insensum
391 1939 442 1984 me
462 1941 520 2003 pro
542 1927 684 2004 ternpore
703 1923 825 1987 animus
848 1922 889 1987 ad
911 1923 1033 1988 diversa
1051 1916 1262 1999 abstraxisset,
1285 1921 1329 2005 ad

176 2036 227 2088 me
247 2042 399 2090 reversus·
413 2025 498 2090 etin
520 2020 883 2119 me'conversussubitc
906 2027 1043 2091 aiebam:
1074 2026 1101 2091 Ο
1124 2025 1234 2090 dilecte
1255 2043 1327 2107 my,

176 2129 261 2193 mille
282 2137 434 2215 anncmm
456 2133 705 2214 pertransierunt
720 2132 833 2213 spacia,
857 2150 895 2195 ex
914 2150 975 2212 quo
990 2136 1022 2196 te
1039 2130 1188 2194 dilectum·
1196 2148 1259 2194 non
1270 2129 1330 2193 lra—

60 2304 63 2309 ,
176 2233 230 2299 bui
250 2234 283 2298 in
305 2235 599 2301 actualimemoria.
633 2236 701 2317 Eya
723 2253 796 2316 ergo
818 2235 1018 2324 precordialis
1041 2248 1131 2300 amor·
1149 2221 1237 2315 aperi
1258 2232 1329 2297 the

178 2356 305 2423 spurum
317 2340 416 2403 'tuum
436 2341 540 2420 michi,
562 2345 595 2405 et
616 2340 693 2405 doce
715 2358 810 2422 queso
834 2357 926 2421 quam
950 2339 1002 2403 diu
1018 2335 1330 2433 adhucvi'voetsubs

177 2441 265 2529 sisto,
289 2443 422 2530 qualiter
443 2448 475 2508 te
495 2446 619 2526 iugiter·
631 2445 747 2526 absque
764 2445 856 2509 ullius
863 2442 1105 2524 interrupcionis
1116 2441 1329 2527 inpedimento

180 2550 330 2626 quantum
351 2544 496 2644 possibile
515 2555 563 2614 est
576 2550 696 2613 valeam
710 2548 848 2612 laudare.
877 2545 1112 2639 snrlnuelnz
1134 2546 1330 2625 Quicumque

179 2648 213 2713 in
235 2652 376 2716 omnibus
398 2657 449 2716 act
435 2635 516 2717 tibus
539 2653 603 2718 suis
626 2652 719 2722 deum
740 2652 883 2731 intendit,
907 2656 946 2719 ιι
960 2652 1018 2717 sibi
1040 2670 1059 2714 a
1079 2651 1214 2734 peccatis
1228 2652 1329 2727 cavet,

181 2756 213 2817 et
181 2753 383 2817 cerercicia
403 2755 553 2820 virtutum
574 2775 637 2848 non
659 2756 790 2819 deserit:
812 2752 935 2819 deum?
912 2756 990 2836 rugi
990 2759 1039 2819 ter
990 2754 1181 2820 tlaudare
1194 2771 1257 2817 non
1274 2751 1330 2816 de·

121 2941 125 2950 .
180 2838 471 2920 smitVerumt
435 2861 471 2921 ιιι
493 2857 664 2922 sincerem
630 2859 799 2923 intensioni
820 2863 874 2923 tue
891 2857 1087 2936 satisfaciam,
1110 2839 1245 2938 ιιοιιιι(’6
1247 2851 1330 2936 )de·

179 2957 244 3036 bes,
258 2960 435 3023 secundum
457 2965 583 3026 notast
569 2962 690 3026 rbi
635 2967 690 3042 pa
690 2967 841 3027 rumsent
843 2963 954 3041 encias,
977 2961 1060 3043 quod
1083 2978 1152 3025 cum
1164 2977 1251 3023 mens
1269 2958 1329 3022 hu·

179 3079 273 3126 manu
294 3081 313 3125 a
334 3066 465 3130 terrenis
487 3066 572 3132 viciis
595 3071 765 3147 expurgata
780 3067 959 3147 cunctisque
973 3065 1184 3147 emundatatl
1188 3062 1329 3145 ifecibus

177 3167 358 3248 passionum
379 3163 505 3250 fuerit*
520 3175 552 3235 et
574 3176 723 3252 quantum
744 3170 879 3239 humane
900 3168 1266 3251 fragilitati-conceditur
1287 3166 1330 3231 ad

177 3271 356 3338 inmobilem
377 3275 640 3356 tranquillitatem-
654 3276 767 3341 mentis
789 3292 826 3338 ac
847 3273 1016 3357 perfectam
1027 3273 1198 3354 puritatem
1218 3287 1330 3352 perve-

177 3378 278 3444 nerit:
290 3375 351 3444 hic
373 3379 413 3463 ad
433 3379 625 3462 indiruptam
646 3380 745 3445 laudis
767 3397 836 3443 mee
852 3379 1140 3460 perseveranciam,
1169 3384 1248 3457 qne
1256 3372 1330 3452 finis

179 3488 214 3548 et
227 3485 432 3576 consumacio
453 3486 553 3551 tocius
575 3484 776 3566 perfeccione
797 3482 930 3559 hominis
952 3482 1166 3574 spiritualis(8
1168 3479 1261 3562 )esse
1282 3477 1330 3541 di-

179 3588 280 3652 noscit
280 3607 327 3668 ur,
350 3591 517 3670 perveniet.
553 3574 699 3673 Cumque
712 3604 800 3654 mens
822 3588 877 3653 tali
898 3586 992 3652 fuerit
1012 3585 1235 3687 tranquillitate
1203 3580 1329 3647 t-iun

96 3727 98 3730 ·
178 3691 271 3771 data,
287 3691 337 3756 vel
358 3693 398 3757 ab
411 3695 558 3758 omnium
580 3674 748 3759 carnalium
771 3692 950 3774 passionum
971 3689 1099 3754 nexibus
1121 3687 1271 3762 absoluta,
1295 3687 1330 3748 et

179 3795 225 3860 illi
246 3793 309 3860 uno
331 3790 513 3878 summoque
534 3799 615 3863 bono
636 3797 839 3875 tenacissima
855 3794 1014 3860 adheserit
1040 3792 1152 3856 mantis
1179 3788 1329 3854 intencio·

180 3917 237 3964 ne:
259 3899 326 3964 sine
347 3901 574 3966 inteunissione
596 3901 688 3965 deum
709 3900 857 3966 laudabit.
889 3897 957 3967 Hac
979 3898 1061 3963 enim
1076 3895 1213 3978 puritate
1227 3912 1254 3959 sr
1245 3890 1330 3958 dici

180 3991 285 4097 potest
306 4021 400 4068 sensu
421 4004 533 4103 mentis
556 4005 748 4088 absorpto&
751 4003 781 4085 ),
812 4023 849 4069 ac
879 4003 960 4069 det
961 4020 1071 4085 errenc
1093 3999 1156 4065 situ
1120 3997 1217 4063 tad
1239 3996 1329 4080 spiri·

116 4111 120 4124 ,
247 4141 281 4208 (1)
304 4120 403 4205 Csum
426 4147 522 4206 adhuc
566 4146 652 4205 ΑΜΡ
664 4164 793 4205 sum--
749 4141 849 4209 ...(2)
873 4146 945 4204 Dar
945 4145 1123 4222 g-astulo
1145 4137 1179 4204 (3)
1203 4137 1331 4199 suasu

180 4235 278 4306 glacia
308 4229 554 4297 usnemu-(4)
577 4235 632 4293 hoo
655 4251 704 4292 om
726 4234 839 4292 ΒΜ·-
851 4226 884 4294 (5)
897 4231 977 4291 GHJ
1000 4231 1116 4289 Hcc-
1127 4221 1164 4290 (6)
1188 4223 1329 4285 OFGHM

182 4332 269 4374 nosce
313 4318 561 4380 Aunorcare—
582 4316 617 4384 (7)
640 4317 742 4382 culn
755 4318 981 4380 emendata-
1004 4309 1038 4376 (⁸)
1061 4309 1329 4388 CDFPspiritualis

181 4398 370 4460 hominis-
390 4399 427 4467 (9)
450 4407 481 4466 Μ
493 4409 609 4469 absorte
