3000 5196
219 356 261 415 54

123 515 126 517 ·
220 489 388 568 mutamus,
412 493 444 552 et
465 487 725 569 quemadmodum
747 491 852 569 patres
869 486 978 566 nostri,
993 487 1038 552 sio
1052 491 1085 552 et
1100 505 1158 553 nos
1170 486 1228 552 tibi
1240 486 1272 551 in
1285 503 1363 568 pace

222 596 255 657 et
275 592 499 674 tranquillitate
520 593 699 658 serviamus.
733 590 801 656 Hiis
815 591 921 672 itaque
933 591 981 674 (1)
991 592 1097 672 gestis,
1114 592 1190 657 deus
1207 591 1363 673 quinum·

221 714 313 778 quam
336 696 471 763 deseruit
492 701 653 778 sperantes
675 697 708 760 in
728 695 840 777 se(2)‚
862 713 969 760 vocem
991 714 1151 761 servorum
1171 712 1299 761 suorum
1320 694 1362 759 ad

217 819 251 866 se
273 800 474 864 clamucium
496 800 668 880 exaudivit,
693 804 725 864 et
745 800 892 864 virtutem
914 799 1160 870 adversariorum
1181 799 1361 864 eliminavit.

217 904 300 968 Nam
320 906 353 969 in
375 905 525 984 crastino,
539 903 587 987 (3)
599 904 708 970 eodem
727 904 796 969 loco
817 904 850 969 in
872 909 1039 989 conspectu
1062 904 1266 969 multitudinis
1288 921 1362 969 con·

216 1013 354 1090 gregata,
376 1009 457 1074 aries
478 1010 511 1073 in
532 1013 649 1074 terram
671 1008 797 1088 corruit,
820 1012 852 1072 et
873 1026 969 1072 unum
992 1008 1031 1073 de
1052 1008 1196 1081 cornibus
1209 1007 1274 1073 suis
1288 1025 1362 1072 oon-

215 1111 348 1201 lractum
369 1117 427 1191 est,
444 1112 586 1181 omnibus
600 1111 691 1176 deum
710 1111 917 1176 laudantibus.
947 1111 989 1175 Et
1004 1112 1113 1176 exinde
1127 1111 1208 1192 cepit
1221 1113 1361 1192 potestas

216 1217 282 1287 a'us
304 1215 435 1281 deficere
457 1234 494 1280 ac
516 1216 693 1285 decrescere
716 1216 755 1281 de
777 1215 826 1280 die
847 1216 880 1280 iu
902 1216 993 1280 diem.
1027 1214 1108 1278 Nam
1129 1214 1220 1278 multi
1247 1213 1361 1278 iutelli-

216 1324 326 1400 geutes
337 1318 477 1412 fraudem
489 1306 595 1401 ipsius
607 1319 780 1401 penitencia
792 1319 875 1383 ducti
886 1322 1034 1400 ceperunt
1048 1318 1086 1381 ab
1101 1316 1360 1399 eo(4)reoedere;

217 1427 249 1488 et
270 1422 497 1505 parsfiliorum
519 1423 695 1495 obediencie
718 1441 855 1488 crescere
878 1422 1075 1504 cepit-acm)
1088 1421 1246 1504 proficere,
1272 1421 1360 1486 adiu-

215 1530 308 1591 vante
320 1527 443 1609 domino
454 1527 712 1609 popudumsuum
725 1527 863 1599 inimicos
874 1531 978 1590 autem
986 1526 1074 1607 pacis
1085 1526 1311 1608 persequente(
1334 1524 1358 1606 ).

196 1622 200 1627 ’
215 1629 277 1694 Per
291 1630 395 1694 omnia
408 1613 587 1702 benedictus
599 1631 684 1696 deus.
707 1631 816 1695 Amen.
846 1628 1107 1695 DISCIPULUS:
1130 1628 1192 1693 Res
1206 1628 1360 1710 stupenda

215 1734 334 1816 pariter
347 1738 387 1798 et
408 1735 550 1799 miranda
560 1734 621 1817 (7),
644 1735 728 1816 quod
748 1728 1009 1816 imperscrutabilis
1031 1733 1158 1815 abyssus
1176 1733 1360 1799 iudiciorum

216 1838 267 1903 dei
288 1838 402 1902 electos
424 1857 497 1903 suos
518 1839 563 1903 sic
584 1838 725 1902 tribulari
745 1838 907 1919 permittit,
929 1855 987 1902 uec
1008 1841 1112 1902 tamen
1137 1854 1359 1919 usquequaque

217 1942 340 2022 deserit,
363 1941 418 2007 sed
440 1946 506 2005 tam
524 1946 655 2023 paterne
677 1941 788 2005 liberat
809 1946 841 2004 et
861 1941 1006 2021 protegit.
1036 1941 1098 2006 Sed
1109 1941 1219 2005 vellem
1235 1939 1359 2005 eviden-

217 2046 281 2110 cius
295 2064 386 2110 nosse
399 2044 446 2129 (8)
458 2046 630 2110 misterium
646 2045 858 2110 similitudinis
868 2045 968 2108 huius.
1001 2043 1236 2113 SAPIENCIA:
1258 2043 1358 2108 Jutel·

216 2149 382 2230 ligentibus
402 2133 478 2214 satis
501 2148 616 2213 dictum
639 2154 695 2235 est.
729 2148 784 2213 Tu
798 2133 930 2230 amplius
952 2166 1081 2230 querere
1102 2148 1175 2213 noli.
1208 2147 1357 2212 Fructum

216 2259 406 2318 tamennon
428 2252 582 2317 modicum
605 2271 643 2317 ex
663 2253 723 2318 hiis
745 2253 889 2333 colligere
911 2252 1013 2316 debes.
1043 2251 1148 2316 Primo
1160 2256 1197 2315 ut
1212 2250 1311 2316 discas
1324 2250 1358 2314 in

216 2357 301 2421 nulla
321 2375 468 2438 umquam
491 2357 678 2422 adversitate
700 2358 874 2439 desperare,
897 2356 954 2421 sed
974 2373 1097 2421 omnem
1117 2373 1204 2435 spon
1218 2355 1250 2418 in
1264 2352 1357 2418 deum

217 2478 348 2542 ponere,
377 2464 409 2523 et
431 2461 581 2526 oracionis
606 2461 725 2541 refugia
747 2479 876 2541 querere
897 2461 928 2523 in
951 2458 1201 2524 tribulacionibus
1223 2457 1356 2536 cunctis3

217 2580 274 2628 neo
295 2563 375 2628 viam
396 2564 516 2635 iusticie
536 2564 1040 2646 propterrabiemcuiuscumque
1061 2542 1286 2644 persecucionis
1309 2578 1358 2627 se·

218 2668 330 2733 mentis
352 2668 504 2747 deserere,
533 2671 565 2730 et
586 2666 804 2748 superomnia
827 2663 978 2730 cautelam
1000 2672 1032 2730 et
1052 2666 1357 2746 obmmspecoionem

220 2772 355 2836 debitam
369 2769 504 2850 negociis
518 2769 744 2849 pertractandis
759 2769 913 2834 adhibere.
942 2769 1085 2835 Prolatus
1099 2769 1181 2834 euim
1193 2768 1243 2833 vel
1255 2773 1359 2832 rector

219 2873 351 2939 fratrum
363 2870 410 2955 (9)
422 2877 457 2936 tu
479 2890 549 2936 cum
571 2872 622 2951 sis,
645 2872 718 2958 licet
738 2873 918 2953 iuminim0
933 2875 1041 2954 gradu,
1060 2874 1159 2938 discas
1174 2891 1211 2937 ex
1223 2872 1281 2936 biis
1295 2889 1359 2936 uon

219 2978 326 3044 statim
347 2976 492 3041 adhibere
512 2975 604 3040 fidem
616 2976 675 3042 hiis
690 2977 742 3058 qui
755 2982 873 3042 ceteros
888 2976 1008 3042 deferre
1023 2979 1262 3043 consueverumt.
1292 2975 1358 3039 Nec

201 3080 430 3163 ,proximomm
450 3069 696 3161 suggestionibus
719 3081 904 3161 quibuslibet
923 3083 956 3145 in
977 3081 1182 3162 patrocinium
1201 3078 1359 3145 conductis

220 3201 342 3268 semper
354 3171 433 3249 velle
446 3185 656 3265 acquiescere.
671 3185 747 3249 -Nec
760 3184 890 3248 faciliter
903 3185 1133 3249 accusaciouem
1144 3183 1292 3248 adversus
1303 3200 1359 3262 ap·

220 3269 367 3372 probatos
388 3277 528 3371 recipias,
551 3289 623 3370 quia
645 3307 682 3353 ex
702 3288 761 3354 hiis
783 3289 943 3370 disciplina
964 3288 1062 3352 omnis
1082 3287 1303 3368 prosternitur,
1318 3289 1360 3350 et

208 3392 433 3476 pestilentibus
455 3391 948 3471 audaciaresistendiooulertur,
971 3409 1008 3455 ac
1020 3392 1108 3472 vigor
1128 3391 1297 3456 destruitur
1309 3407 1358 3453 re·

218 3496 350 3578 ligionis.
385 3497 446 3561 Sed
469 3515 592 3561 causam
614 3515 707 3578 quam
724 3495 824 3560 nescis
839 3494 1069 3576 diligentissime
1082 3495 1228 3575 inquiras,
1242 3494 1292 3559 vel
1302 3511 1360 3575 per

221 3602 354 3683 teipsum
366 3599 497 3684 (10)νώ
517 3619 574 3681 per
595 3600 677 3675 viros
698 3599 796 3664 iustos
818 3602 849 3662 et
869 3599 1037 3680 prudentes
1050 3616 1085 3661 ac
1100 3598 1191 3680 deum
1205 3598 1358 3677 timentes,
1395 3678 1398 3683 Α

223 3707 255 3767 et
275 3705 318 3768 sic
339 3704 464 3768 tandem
486 3705 617 3768 veritate
632 3708 779 3784 conperta
792 3721 861 3766 cum
876 3703 979 3767 debito
996 3702 1157 3766 libramine
1170 3701 1359 3784 sentenciam

223 3803 361 3883 proferas
382 3806 513 3884 iustam3
536 3811 567 3869 et
582 3807 631 3869 sic
643 3805 712 3886 (11)
723 3806 922 3886 proculdubio
945 3796 1196 3887 nonnumquam
1223 3805 1359 3872 invenies

225 3908 344 3985 actores
356 3897 426 3988 (12')
438 3925 529 3972 cause
550 3908 582 3970 in
605 3925 697 3975 causa
718 3909 864 3973 obnoxios
877 3927 953 3973 esse.
990 3909 1109 3990 Nempe
1121 3909 1277 3973 interdum
1288 3900 1359 3989 gra-

290 4038 324 4110 t1)
345 4044 473 4104 auara
492 4079 537 4088 -
557 4043 591 4110 (2)
613 4048 720 4104 aaran
741 4051 785 4120 ra,
806 4053 847 4108 rr.
864 4082 909 4092 —
930 4045 963 4112 (3)
982 4051 1047 4109 um
1058 4052 1120 4108 aaa
1139 4053 1167 4108 in
1188 4083 1233 4093 -
1254 4044 1288 4114 (b
1312 4048 1359 4108 ca

226 4125 325 4186 eodem
346 4161 391 4172 -
413 4125 446 4191 (5)
470 4131 574 4190 CDGP
588 4140 616 4191 et
654 4132 782 4205 Matque
802 4169 846 4178 —
868 4131 901 4198 (6)
925 4137 977 4192 DF
988 4139 1295 4211 inimico-perseeuto
1316 4169 1360 4180 -

229 4196 262 4266 (7)
283 4209 335 4269 Dr
346 4214 405 4271 Ros
427 4217 554 4274 miranda
575 4216 613 4294 (D
626 4217 803 4295 admiranda)
824 4225 927 4295 pariter
948 4230 977 4280 et
997 4224 1195 4296 stupenda—
1212 4219 1246 4287 (8)
1270 4222 1359 4282 GHM

228 4303 313 4387 nosce
345 4297 493 4355 onEJLP
504 4319 620 4362 noscere
637 4337 682 4346 -
703 4298 736 4366 (9)
760 4304 836 4363 CDP
848 4308 909 4364 add
922 4316 1034 4364 tuorum
1052 4319 1106 4350 --'
1117 4306 1168 4373 (10)
1193 4310 1244 4368 AL
1256 4315 1360 4368 teuset-

228 4388 320 4447 ¹p8um
341 4409 385 4420 —
405 4377 456 4442 (Π)
479 4383 543 4443 Eet
563 4391 604 4448 sic
622 4387 672 4450 sic'
687 4423 731 4432 -
753 4386 803 4455 (12)
826 4392 907 4450 Aca
919 4387 1050 4451 auctores
1346 4415 1347 4418 ¹
