3000 5196
227 391 289 450 154

224 524 346 605 lapsum
375 527 442 586 tum
471 522 638 588 notabilem
661 523 694 587 in
730 523 861 589 subditis
889 522 1046 602 viderent,
1076 522 1382 606 hec(l)emendare

224 627 292 693 sine
313 626 565 709 luboreproprio
588 627 763 708 cupientes,
786 630 934 708 precepta
954 627 1217 709 multiplicabant,
1248 627 1382 693 ordina·

225 731 328 796 ciones
351 730 616 811 congeminabunt,
640 735 672 794 et
692 748 807 811 magna
829 731 873 795 eis
895 728 1012 794 honera
1026 734 1057 794 et
1073 731 1271 812 inportabilia
1282 730 1381 812 inpo-

224 834 355 921 nebant3
378 834 437 914 ipsi
459 838 563 897 autem
585 834 682 915 digito
705 853 761 899 suo
783 852 821 898 ea
842 834 946 898 levare
967 834 1142 898 noluerunt.
1175 834 1297 900 Subditi
1319 852 1380 904 au·

223 941 289 1002 tem
311 955 349 1000 ex
369 936 429 1001 hoc
442 937 540 1018 magis
554 937 689 1002 indurati
702 936 750 1020 (2)
763 941 794 1001 et
808 937 1006 1001 involuntarii
1020 935 1130 1017 effecti,
1147 937 1268 1019 culpam
1283 956 1379 1003 suam

223 1040 257 1103 in
286 1041 453 1105 eorundem
472 1039 520 1123 (3)
536 1045 692 1105 rectorum
721 1041 927 1121 negligendas
945 1040 994 1124 (4)
1014 1042 1245 1123 retorquebant.
1290 1042 1379 1106 Nam

223 1143 354 1224 predicti
375 1162 438 1207 non
461 1148 550 1207 erant
570 1145 663 1225 primi
685 1145 737 1225 qui
759 1145 800 1208 ad
820 1144 926 1210 hostes
947 1145 1150 1226 prostrandos
1163 1144 1378 1228 (5)trunsfre·

223 1251 327 1311 terent
348 1251 380 1315 et
400 1247 492 1327 primi
514 1247 546 1311 in
567 1248 633 1311 acie
655 1254 839 1329 pugnarent,
862 1250 917 1314 sed
939 1249 992 1330 qui
1014 1266 1052 1312 ea
1067 1267 1127 1330 que
1140 1248 1266 1314 lionoris
1283 1253 1377 1313 erant

224 1351 273 1416 vel
294 1350 437 1414 utilitatis
459 1369 514 1416 seu
536 1352 656 1417 comodi
677 1353 867 1434 temporalis,
886 1353 944 1417 sibi
957 1353 1164 1434 usurpabant:
1187 1353 1258 1417 Non
1269 1349 1377 1416 etten-

225 1453 332 1519 dentes
355 1455 443 1536 quasi
464 1456 642 1536 inpossibile
664 1472 740 1535 esse,
764 1455 903 1521 homines
921 1457 1081 1528 indevotos
1096 1457 1169 1522 solis
1183 1457 1290 1522 reduci
1302 1474 1375 1521 ver.-

223 1557 281 1636 bis,
303 1559 358 1622 sed
374 1559 477 1641 magis
499 1559 643 1640 operibus
664 1559 752 1624 bonis
775 1565 807 1624 et
827 1560 904 1625 vivis
927 1559 1082 1641 exemplis.
1113 1560 1146 1626 Si
1161 1561 1242 1625 enim
1255 1560 1375 1624 reiecto

222 1679 373 1743 pomposo
396 1662 537 1731 adventu„
553 1663 788 1744 et·‘sumptuosa
809 1680 944 1744 expensa
962 1680 1055 1744 quam
1068 1662 1117 1744 (6)
1127 1662 1290 1742 faciebant,
1311 1663 1377 1744 ipsi

224 1764 277 1845 qui
298 1768 417 1830 ceteros
440 1766 605 1830 emendare
626 1766 787 1851 volebant,
818 1767 998 1848 simpliciter
1019 1770 1052 1830 et
1072 1766 1229 1830 humiliter
1249 1784 1287 1830 ac
1306 1765 1376 1831 fru-

223 1867 334 1948 galiter
354 1886 389 1933 se
410 1867 605 1948 habuissent,
637 1873 669 1933 et
696 1870 798 1935 verbis
827 1888 864 1934 ac
894 1870 1041 1952 exemplis
1062 1869 1104 1934 ad
1126 1871 1228 1936 omnia
1249 1869 1376 1951 adque

223 1976 342 2046 ceteros
365 1977 469 2037 artare
489 1973 644 2052 volebant,
666 1973 725 2054 ipsi
748 1992 782 2038 se
804 1975 904 2054 primo
927 1975 1093 2054 dedissent,
1118 1975 1225 2056 utique
1238 1974 1374 2038 multum

222 2059 432 2156 proiecissent.
467 2076 529 2141 Sed
552 2077 625 2157 quia
645 2076 744 2140 multa
767 2077 868 2148 dicere
890 2081 922 2141 et
950 2095 1050 2159 pauca
1081 2076 1183 2142 iacere
1205 2077 1375 2142 contende-

222 2179 314 2258 bant,
346 2180 434 2260 quasi
462 2184 639 2262 serpentem
661 2199 731 2245 cum
753 2182 852 2245 cauda
873 2180 998 2271 lubrica·
1020 2180 1308 2263 apprehendebant;
1339 2185 1375 2246 et

222 2301 285 2347 non
307 2283 406 2347 solum
427 2303 491 2348 non
511 2283 722 2366 proficiebant,
745 2287 801 2351 sed
821 2286 949 2351 cottidie
970 2285 1003 2349 in
1025 2285 1161 2351 deterius
1188 2302 1222 2350 se
1242 2284 1305 2349 labi
1325 2285 1374 2350 vi-

219 2386 346 2451 debant.
361 2438 362 2441 ,
376 2388 418 2451 Et
438 2379 482 2452 hii
504 2407 610 2454 omnes
632 2389 763 2479 predicti
783 2389 825 2454 de
845 2390 946 2471 primo
970 2388 1078 2454 ordine
1107 2389 1300 2456 studendum
1321 2406 1373 2453 se-

222 2490 321 2555 cunde
342 2492 509 2557 mansionis
532 2496 630 2556 erant.
664 2492 763 2558 Porro
786 2492 829 2557 hii
852 2493 905 2574 qui
927 2493 965 2557 de
987 2492 1121 2557 secundo
1144 2492 1253 2557 ordine
1271 2495 1372 2571 erant,

220 2594 253 2658 in
275 2599 360 2660 statu
381 2597 506 2677 proprio
528 2597 695 2677 persistere
716 2588 910 2661 videbantur.
945 2582 1045 2661 Tercii
1067 2599 1172 2660 autem
1185 2612 1284 2677 prope
1303 2613 1374 2658 ma-

221 2697 353 2778 gistrum
375 2699 657 2783 consederant(7)‚
689 2704 722 2764 et
750 2717 863 2781 aquam
892 2700 1046 2781 sapiencie
1074 2699 1220 2765 salutaris
1250 2717 1288 2762 ex
1316 2712 1372 2764 ore

222 2802 287 2866 eius
308 2803 447 2866 bibentes
469 2802 718 2882 inebriebantur,
748 2804 783 2867 in
810 2806 932 2867 tantum
962 2808 998 2868 ut
1026 2804 1143 2885 seipsos
1173 2806 1205 2867 et
1233 2793 1371 2868 omnium

221 2905 353 2976 aliorum
375 2904 637 2985 obliviscerentur,
662 2910 694 2970 et
716 2907 809 2971 corde
831 2911 863 2971 et
885 2908 1003 2987 animo,
1027 2907 1183 2995 oculisac
1203 2905 1281 2970 facie
1301 2924 1371 2970 sur-

221 2994 299 3072 sum'
311 3007 484 3088 tenderent,
508 3013 540 3073 et
562 3010 789 3090 quodammodo
810 3011 843 3075 in
865 3011 1009 3094 abyssum
1031 3011 1134 3075 divine
1149 3010 1371 3092 speculationis

111 3117 114 3122 “
221 3129 258 3175 ac
280 3111 448 3177 dulcedinis
469 3113 595 3178 inmersi
611 3118 658 3208 set
687 3114 826 3196 absorpti
837 3113 902 3197 (8),
933 3115 974 3179 ad
1003 3114 1106 3179 divina
1133 3113 1370 3195 contemplanda

220 3219 414 3296 reperentur.
448 3216 612 3297 ffiiquasi
634 3218 733 3282 celum
755 3219 912 3283 stellatum
933 3219 965 3282 in
986 3217 1046 3282 hoc
1066 3218 1182 3282 mundo
1199 3217 1368 3298 fulgebant,

175 3344 178 3348 ·
221 3324 254 3386 et
263 3319 355 3385 velud
366 3321 477 3386 ar'dens
491 3308 591 3394 facula
605 3341 728 3388 sursum
743 3320 971 3405 tendentes(9),
994 3322 1071 3386 inse
1085 3322 1236 3409 ardebant
1249 3325 1282 3385 et
1294 3339 1368 3402 pro·

221 3416 319 3504 nimos
335 3442 473 3506 quosque
490 3426 521 3489 in
542 3427 591 3491 dei
606 3413 711 3490 amore
726 3426 942 3503 accendebant.
972 3425 1062 3490 Tales
1081 3444 1203 3507 quoque
1216 3424 1367 3506 adprela·

222 3527 324 3593 ciones
335 3532 368 3592 et
377 3529 527 3609 regimina
540 3531 699 3612 assumpti,
713 3534 802 3594 erant
816 3528 978 3593 utilissimi.
1001 3529 1083 3593 Nam
1098 3533 1130 3593 et
1139 3528 1243 3612 gracia
1252 3527 1365 3606 dimna,

221 3633 318 3713 atque
331 3631 484 3697 industria
496 3633 632 3699 humana
646 3639 736 3698 erant
749 3634 828 3698 miro
843 3632 935 3698 modo
947 3632 1070 3713 prediti.
1102 3630 1179 3695 Cum
1189 3634 1293 3694 autern
1304 3629 1366 3695 dis·

221 3728 339 3816 cipulus
353 3735 411 3801 hec
422 3736 491 3820 (10)
504 3739 734 3820 diligentissime
750 3737 983 3815 considerasset,
1003 3721 1221 3799 ammiracione
1232 3733 1366 3797 maxima

220 3838 384 3902 tenebatur
405 3840 479 3921 quid
500 3841 644 3906 namhoc
664 3845 755 3920 esset,
779 3845 812 3905 et
831 3837 1185 3920 manimedehocquod
1203 3835 1364 3900 decadem

220 3943 351 4007 veritate
378 3945 467 4006 tanta
485 3942 675 4020 ‘difformitas
689 3942 803 4026 (1‘1)in
833 3944 960 4011 diversis
990 3942 1144 4025 discipulis
1171 3940 1363 4006 nascebatur.

219 4044 440 4128 intellexitque
461 4047 550 4129 quasi
570 4064 678 4112 vocem
700 4047 853 4112 dicentem
874 4048 948 4113 sibi:
979 4046 1055 4114 Tres
1077 4047 1200 4113 ordines
1221 4061 1298 4126 quos
1318 4041 1364 4106 vi·

285 4181 319 4250 (Ῑ)
341 4188 553 4249 nemrot-
575 4183 618 4253 (2).
632 4188 763 4265 Amagis
786 4206 821 4248 ex
842 4190 898 4250 hoc
921 4190 1107 4250 obdurati—
1128 4183 1162 4250 (3)
1186 4186 1289 4245 CDEP
1311 4202 1363 4245 eo-

220 4287 283 4329 rum
303 4307 352 4343 -,
369 4270 403 4339 (4)
425 4274 662 4355 JLnegliencias,
675 4308 720 4320 —
743 4270 776 4340 (5)
799 4275 1109 4353 Bprosternendos-
1131 4267 1165 4336 (6)
1187 4272 1241 4331 DF
1253 4287 1363 4348 que-

220 4351 254 4415 (⁷)
278 4355 331 4416 GH
343 4362 523 4424 considerant
553 4397 597 4408 -
625 4350 673 4426 (8)
689 4361 882 4441 Aldabaorti3
899 4379 982 4422 *mox
1009 4350 1362 4433 secantempando-

220 4435 255 4504 (9)
278 4439 487 4509 CDPtcndens
509 4482 552 4494 -
574 4445 625 4512 (10)
648 4448 801 4511 FGMhoc
821 4483 865 4494 —
887 4445 939 4511 (1¹)
961 4440 1247 4510 AFMPdoiormitaa
