3000 5196
238 346 299 406 148

230 480 288 545 bra
307 495 442 559 namque
461 477 542 543 illius
564 494 656 559 quem
677 475 794 542 dudum
817 476 1031 543 desiderabam
1051 496 1135 544 nunc
1155 479 1238 560 sedi,
1266 482 1325 546 sed
1349 487 1391 548 et

231 582 349 647 nunnus
372 582 440 646 eius
460 581 557 646 dulcis
578 581 697 663 gutturi
718 581 859 663 meo(l).
894 581 961 647 Neo
980 583 1134 648 inmerito.
1168 583 1248 650 Sunt
1265 587 1390 652 etenim

231 705 295 751 non
316 685 393 749 nulli
413 685 466 766 qui
488 685 527 749 de
548 685 611 749 vita
633 703 689 749 sue
710 685 848 765 gaudent
869 686 1023 766 puritate3
1054 686 1107 750 alii
1136 687 1176 751 de
1198 688 1389 756 meritorum

231 780 362 854 suorum
386 791 570 868 presumunt
598 788 811 866 multitudine,
841 793 896 852 aut
925 788 1146 854 exerciciomm
1173 790 1390 872 spiritualium

231 893 428 957 inmensitate
448 891 586 956 letantur
597 891 656 974 (2).
690 892 760 972 Ego
782 895 887 955 autem
909 892 1006 974 quid?
1042 891 1123 957 Vere
1152 898 1221 959 tota
1248 912 1321 977 spes
1350 901 1392 962 et

232 996 379 1062 solacium
400 1013 504 1060 meum
526 1014 564 1060 ex
586 1000 642 1059 tua
663 996 818 1076 dependet
839 996 992 1076 passione,
1008 1013 1046 1060 ex
1059 998 1240 1065 meritorum
1254 1002 1389 1067 tuorum

232 1099 445 1180 magnitudine
466 1098 784 1182 ae(3)preciositate,
808 1102 841 1163 et
861 1100 970 1164 matris
991 1104 1045 1163 tue
1066 1100 1284 1182 benignissima
1314 1103 1391 1184 pie-

232 1207 314 1282 tate,
336 1206 373 1266 ut
393 1207 429 1266 tu
450 1203 533 1268 solus
555 1203 638 1268 nosti
659 1203 712 1284 qui
733 1207 949 1284 paupertatem
970 1206 1075 1273 meam
1095 1194 1304 1270 considerasti.
1336 1207 1388 1272 Et

231 1307 301 1371 ideo
322 1306 380 1371 hec
401 1306 553 1372 dominice
573 1306 727 1388 passionis
748 1306 925 1391 recordacio
954 1307 1047 1371 michi
1075 1312 1123 1372 est
1146 1309 1247 1374 cordis
1268 1310 1301 1374 in
1324 1310 1386 1376 do-

231 1409 344 1475 micilio
356 1409 405 1492 (4)
416 1408 581 1475 affectuose
603 1410 808 1489 recondenda,
832 1414 864 1474 et
884 1410 985 1475 verbis
1000 1428 1037 1475 aa
1050 1400 1193 1492 operibus
1207 1400 1391 1494 opitulante?

231 1514 336 1595 gracia
355 1514 587 1595 prosequenda,
619 1518 651 1577 et
672 1514 756 1598 omni
778 1531 848 1578 cum
869 1513 987 1579 honore
1009 1519 1041 1578 et
1061 1517 1238 1580 reverencia
1258 1517 1386 1598 magni,

231 1615 361 1681 ficanda.
395 1615 423 1705 O
443 1625 499 1680 rex
519 1634 628 1698 regum
650 1620 684 1680 et
705 1608 846 1682 domin‘us
870 1618 1106 1697 dominancium,
1130 1637 1222 1699 quem
1236 1619 1280 1683 sic
1293 1637 1387 1699 mom.¹

230 1716 380 1785 tificatum
402 1724 435 1784 et
455 1721 586 1785 miseriis
608 1718 771 1800 afflictum,
796 1720 891 1784 cerdis
912 1718 998 1798 fidei,
1026 1721 1118 1802 pleno
1140 1720 1252 1787 affectu
1273 1725 1382 1790 anima

230 1806 383 1917 mesiam
404 1823 616 1913 amplectitur,
648 1816 782 1889 concede
810 1823 903 1888 michi
929 1829 965 1887 ut
987 1829 1019 1888 et
1039 1829 1072 1889 te
1093 1825 1261 1905 gloriosum
1282 1831 1381 1909 atque

230 1927 382 1994 sublimen
410 1932 452 1992 et.
469 1945 564 2009 super
575 1927 624 2010 (5)
636 1931 722 1992 astra
750 1928 807 1991 oeli
835 1927 875 1991 ad
903 1927 1062 1992 dexteram
1090 1930 1188 2010 patris
1216 1930 1381 1996 sedentem

231 2031 430 2114 perhenniter
451 2032 557 2096 videre
577 2032 734 2096 mereatur
745 2022 803 2114 (6).
838 2030 900 2096 Sed
921 2035 954 2095 et
973 2035 1010 2096 tu
1031 2014 1118 2113 virgo
1139 2033 1246 2113 beata,
1275 2040 1382 2100 mater

230 2136 377 2221 piissima,
401 2153 461 2216 que
473 2132 522 2219 (i)
533 2136 619 2198 iuxta
641 2153 763 2199 crucem
785 2133 840 2198 filii
860 2135 907 2198 tui
916 2136 1039 2216 stetisti,
1055 2141 1087 2200 et
1101 2137 1216 2203 doloris
1229 2138 1294 2203 eius
1308 2140 1381 2204 vul·

229 2258 306 2305 nera
325 2240 358 2304 in
379 2239 484 2303 anima
504 2243 560 2303 tua
582 2237 746 2304 efficaciter
767 2239 963 2321 persensisti,
994 2257 1031 2304 ac
1051 2241 1214 2321 sanguinis
1237 2242 1303 2306 eius
1325 2260 1380 2308 as-

228 2344 357 2426 pergine
377 2340 533 2408 mbricata
553 2341 654 2422 fuisti,
686 2343 775 2423 eique
796 2342 864 2408 sola
884 2341 1065 2407 fidelitatem
1086 2343 1254 2425 perfectam
1276 2363 1381 2428 usque

229 2447 262 2511 in
283 2444 376 2509 finem
398 2447 537 2525 serrasti,
561 2450 593 2510 et
614 2465 726 2527 magno
749 2464 818 2510 cum
841 2446 948 2511 dolore
969 2465 989 2510 a
1010 2447 1129 2512 tumulo
1151 2446 1207 2511 filii
1225 2450 1273 2512 tui
1284 2467 1381 2531 sepa-

229 2554 300 2615 rata
318 2548 420 2615 fuisti:
444 2549 605 2615 ¹Tibi'hec
634 2551 739 2615 onmia
768 2550 976 2631 conpassionis
997 2550 1127 2622 vulnera
1147 2570 1206 2632 pro
1226 2538 1380 2633 singulari
1483 2544 1487 2551 ’

229 2653 328 2735 gloria
349 2655 390 2719 ad
410 2653 592 2718 memoriam
612 2670 724 2716 revoco
745 2653 832 2733 virgo
861 2653 922 2733 pia.
962 2653 1005 2717 Ec
1033 2655 1113 2718 sicut
1141 2673 1224 2720 nune
1251 2674 1380 2737 quoque

229 2756 342 2822 affectu
364 2757 476 2822 devoto
497 2757 579 2820 inter
601 2755 701 2820 cordis
723 2756 784 2818 mei
800 2755 932 2820 *brachia
956 2756 984 2821 0
1012 2762 1112 2823 mater
1137 2761 1313 2831 veneranda
1341 2765 1379 2826 te

229 2860 363 2940 excipio,
387 2862 419 2939 et
440 2859 650 2940 conpassionis
672 2863 704 2923 ta
725 2859 859 2924 lacrimis
881 2861 1036 2926 associans
1049 2861 1097 2945 (8)
1107 2881 1166 2944 per
1185 2868 1309 2944 portam
1331 2865 1378 2928 ci-

226 2962 331 3027 vitatis
360 2962 515 3051 quondam
543 2961 739 3041 iherusalem
768 2963 808 3027 ad
838 2964 963 3028 domum
991 2965 1122 3045 reduco,
1152 2968 1375 3048 preteritorum
1411 3024 1417 3037 .
1469 3010 1473 3017 -

226 3069 384 3151 gestomm
405 3067 463 3131 sub
479 3066 641 3148 exemplo:
662 3067 708 3132 sic
730 3086 749 3132 o
770 3071 870 3132 mater
891 3069 994 3148 gracie
1012 3068 1045 3133 in
1060 3073 1197 3134 extreme
1209 3071 1286 3136 hore
1300 3089 1379 3136 errae

226 3168 433 3249 mineanima
453 3187 523 3240 mea
544 3174 577 3234 et
598 3172 778 3260 cunctorum
801 3176 907 3236 eterne
928 3172 1081 3252 sapiencie
1099 3173 1318 3256 discipulorum
1331 3174 1373 3240 de

225 3272 362 3355 corporis
384 3271 744 3354 ergastuloexeunoium
765 3293 785 3339 a
806 3279 840 3340 ta
859 3273 1076 3356 suscipiantur,
1099 3281 1132 3340 et
1152 3278 1193 3342 ad
1213 3279 1372 3343 illamce-

222 3376 332 3442 lestem
352 3376 547 3474 iherusalem
567 3394 639 3442 cum
660 3379 773 3459 gaudio
794 3379 1014 3461 perducantur.
1041 3380 1151 3446 Amen.

348 3524 352 3530 ³
458 3535 460 3539 ·
518 3515 522 3523 ·
569 3584 573 3592 .
606 3499 741 3582 Explicit
760 3500 879 3581 primus
904 3499 990 3565 liber.

608 3694 1003 3734 -Qe--u

288 4135 322 4204 (1)
346 4139 432 4199 Corra.
453 4143 486 4213 2,
515 4141 544 4199 3.
571 4172 616 4184 —
645 4133 679 4204 (²)
701 4137 758 4198 AD
770 4133 894 4202 letantur
913 4145 1095 4205 inmensitate
1123 4178 1168 4188 —
1190 4141 1224 4210 (3)
1247 4144 1366 4204 CDPet

221 4249 266 4271 -1
286 4223 320 4288 (4)
342 4226 423 4287 ABE
433 4229 464 4284 iu
485 4226 579 4287 cordis
607 4225 748 4287 domicilio
791 4228 852 4312 inn
881 4229 1023 4291 domicilio
1053 4230 1147 4290 cordis
1175 4263 1220 4274 -
1248 4228 1283 4296 (5)
1310 4231 1365 4292 ΔΕ

220 4322 321 4385 supra3
343 4330 414 4372 moa
434 4310 728 4395 BCDJLPdextram
742 4334 793 4359 ‘-·-
814 4309 849 4379 (θ)
870 4315 1037 4376 ACDFMP
1048 4330 1159 4375 merear
1184 4349 1228 4360 --
1250 4313 1285 4382 (7)
1307 4325 1364 4394 que

220 4393 756 4478 omCDP-(8)mpplgm0flhi
