3000 5196
211 367 273 428 124

209 500 416 578 nistabilium
439 504 472 566 ct
492 499 525 564 in
546 496 731 566 oblivionem
753 495 1356 580 crmctavcnirmtqnecnmquelaborcm

209 624 265 672 scu
287 605 425 670 dolorem
447 608 589 686 prestare
612 607 790 685 potuerunt.
840 634 845 645 ·

591 736 982 802 φ-
1213 818 1220 841 .

242 881 344 960 Quam
364 881 441 947 utile
460 881 503 948 sit
522 880 699 964 passionem
720 878 815 947 Oristi
835 880 949 962 iugiter
969 878 1085 945 habere
1105 878 1138 945 in
1160 877 1319 945 memoria

507 1000 698 1084 Capittulum
720 1006 866 1085 quartum
886 999 1049 1066 decimum.
1177 1036 1186 1049 ·

216 1122 220 1127 '
273 1118 322 1187 De
343 1122 423 1188 rosis
444 1123 486 1188 ad
506 1141 595 1188 rosas
615 1122 822 1205 procedimus,
844 1121 987 1187 attiche
995 1104 1213 1202 relinquendo,
1228 1119 1269 1184 ad
1282 1119 1356 1203 lylia

208 1226 417 1311 perquirenda
437 1245 650 1308 properamus,
674 1227 748 1291 dnm
766 1226 806 1291 de
818 1225 954 1293 lloriicro
965 1224 1014 1308 (1)
1025 1224 1164 1306 germine
1175 1224 1355 1306 passionum

209 1331 405 1415 quorumdam
426 1330 586 1407 hominum
607 1331 790 1410 dicineum,
812 1328 1020 1395 ad'rosifcras
1040 1328 1201 1412 passiones
1221 1332 1303 1408 tues,
1326 1328 1354 1393 0

209 1435 267 1502 llos
289 1436 398 1519 campi,
421 1439 454 1500 ct
474 1453 547 1501 rosa
568 1436 635 1501 sine
656 1436 754 1518 spina,
770 1438 880 1499 eterna
892 1434 1056 1517 sapiencia,
1078 1450 1200 1498 mmmo
1213 1450 1284 1497 cnm
1301 1431 1355 1497 de-

209 1539 323 1606 siderio
351 1557 460 1604 rursus
490 1539 590 1604 cordis
619 1539 724 1605 oculos
752 1543 976 1620 retorquemus.
1015 1536 1077 1600 Per
1095 1530 1192 1600 ¹tuam
1220 1552 1356 1616 namque

210 1641 400 1709 maneam
422 1660 459 1708 ac
479 1643 686 1709 venerabilem
703 1644 879 1726 passionem
892 1646 1073 1707 mucronum
1085 1640 1175 1707 nolis
1187 1636 1356 1722 spirituali-

209 1749 425 1814 umbonorum
435 1746 567 1812 materia
585 1747 793 1830 copiosissime
810 1746 1071 1813 subministratur.
1092 1741 1354 1826 Ubiestenimffl)

209 1851 355 1935 glonacm
376 1852 506 1917 nostra?
536 1850 600 1917 Ubi
620 1869 692 1934 spes
714 1850 871 1916 etleticia
892 1850 992 1916 cordis
1020 1849 1142 1916 nostri?
1172 1849 1295 1914 Revera
1322 1847 1355 1910 in

209 1961 243 2022 tc
262 1975 342 2036 uno,
371 1974 508 2036 summo,
537 1960 571 2021 et
591 1972 665 2022 vcro
685 1956 785 2035 bono,
814 1959 848 2020 ct
875 1942 1101 2037 precimissimo
1128 1938 1182 2019 tue
1202 1951 1355 2036 passionis

209 2060 366 2127 thesauro.
399 2060 442 2125 Et
463 2060 535 2127 idco
555 2064 621 2124 tam
642 2059 870 2143 inprcciabilem
891 2059 1072 2125 thesamum
1087 2058 1228 2127 ,delectat
1240 2055 1356 2138 iugiter

209 2166 241 2230 in
264 2166 356 2230 corde
377 2165 528 2246 retinere,
551 2169 583 2230 et
604 2166 749 2230 continue
766 2165 810 2229 dc
829 2165 898 2247 ipso
919 2163 1020 2247 loqui,
1051 2181 1091 2228 ac
1109 2163 1194 2228 omni
1214 2166 1355 2243 tempore

209 2274 314 2336 mente
336 2274 369 2334 et
391 2287 519 2353 corpore
540 2269 701 2352 cumipse
723 2269 876 2352 occupari.
910 2267 1039 2333 Utinam
1059 2284 1183 2350 quoque
1196 2262 1355 2348 etincor-
1413 2312 1417 2317 -

211 2373 301 2439 dibus
322 2374 437 2439 nostris
459 2390 629 2456 numquam
650 2378 829 2453 marcescet,
852 2372 908 2438 sed
929 2364 1052 2455 sempor
1072 2368 1210 2435 rediviva
1220 2367 1356 2451 pullula·

211 2474 307 2543 cione'
317 2477 366 2561 (3)
383 2495 482 2543 novus
510 2478 632 2543 existat.
674 2477 761 2544 Felix
789 2477 930 2560 proinde
946 2480 983 2540 tu
1012 2494 1031 2541 o
1058 2473 1227 2557 gloriosum
1254 2472 1359 2538 lumen

212 2581 351 2648 omnium
373 2580 580 2660 cremiorum,
604 2582 657 2662 qui
677 2582 784 2646 volatu
805 2578 965 2663 pennifero
986 2578 1147 2643 mutabilia
1168 2581 1280 2641 ccmcta
1306 2592 1359 2641 su·

167 2702 172 2711 ·
212 2686 386 2769 pervolans,
409 2690 442 2749 et
463 2683 633 2748 archanum
654 2684 823 2749 divinitatis
845 2684 1017 2766 attingens,
1041 2679 1358 2764 abyssum'claritatis
1381 2689 1391 2704 ·

212 2790 314 2856 dimne
335 2788 432 2855 oculis
453 2786 629 2868 purioribus
659 2787 807 2851 intuendo
835 2786 995 2867 introisti,-
1017 2804 1055 2851 ac
1081 2785 1177 2851 verba
1206 2802 1267 2866 que
1295 2776 1358 2848 non

210 2893 283 2958 licet
303 2890 526 2973 homini'loqni
546 2889 677 2968 audiam
700 2893 734 2953 et
754 2894 859 2954 tamen
880 2891 921 2955 ad
936 2909 1008 2974 yma
1021 2889 1221 2969 descendens,
1245 2883 1369 2954 affectu

211 2995 346 3077 quodam
367 2995 494 3072 mellito,
508 2993 668 3074 passionis
685 2990 776 3057 huius
788 2993 826 3058 ob
837 2995 1026 3075 preconium,
1047 2994 1086 3058 da
1100 2994 1201 3059 cordis
1210 2992 1358 3058 thesemo

210 3093 391 3163 inmediun'r
406 3097 576 3183 eructuasti
598 3094 718 3162 dicens:
741 3096 843 3161 Niclnil
864 3098 1032 3163 arbitratus
1054 3116 1124 3163 sum
1145 3097 1295 3163 nescire
1310 3096 1359 3160 in-

210 3205 261 3265 ter
280 3219 346 3280 vos,
359 3201 429 3265 nisi
450 3200 579 3265 Jhesum
602 3199 737 3265 Oristum
759 3205 790 3266 et
809 3201 892 3269 hunc
906 3200 1084 3268 crucifixum
1096 3200 1155 3285 (4).
1189 3200 1358 3267 Overbnm

210 3302 400 3384 mellifluum,
424 3303 543 3401 dulcius
565 3323 661 3386 super
677 3306 744 3383 ¹mel
766 3310 798 3370 et
819 3304 939 3385 favum,
963 3307 1082 3371 devotis
1103 3305 1257 3371 mentibus
1279 3304 1358 3385 iugi·

152 3496 154 3501 Δ
187 3412 261 3482 ¹ter
287 3409 594 3488 ruminandum‚›def
611 3428 672 3491 quo
702 3410 825 3475 nrtutis
854 3410 956 3490 liquor
984 3414 1124 3489 emanat,
1155 3409 1208 3491 qui
1236 3407 1357 3474 miseris

209 3512 338 3592 largiter
359 3513 472 3592 gaudia
481 3512 589 3578 salutis
604 3513 759 3596 propinat.
793 3513 940 3578 Similiter
952 3517 985 3577 et
996 3518 1032 3577 tu
1047 3515 1167 3579 celestis
1181 3512 1284 3596 figella
1296 3511 1355 3594 (a),

210 3614 363 3679 sanato
384 3618 533 3683 sermonis
555 3606 687 3683 dulciter
707 3620 890 3699 peramato,
922 3608 1130 3697 atqueverbi
1158 3616 1258 3682 eterni
1279 3616 1358 3681 divi·

209 3712 336 3781 pissima
356 3720 518 3786 maiestate
539 3721 720 3799 illuminata,
742 3718 926 3785 Rectissime
947 3716 1200 3803 semuncem),
1224 3722 1274 3785 cni
1286 3738 1357 3786 ver·

209 3820 284 3885 bum
305 3819 499 3886 incarnatum
522 3827 554 3886 et
574 3823 607 3886 in
629 3840 720 3886 cruce
741 3842 924 3905 suspensum
945 3820 1024 3888 tam
1040 3823 1170 3888 dulciter
1198 3825 1355 3906 sapiebat,

210 3925 248 3986 ut
266 3920 325 3987 hcc
347 3928 379 3988 et
399 3912 458 3995 [riis
480 3923 592 3988 similia
613 3916 707 3989 verba
728 3925 835 3989 suavia
857 3925 1031 3991 ducissime
1048 3946 1228 4009 perorares:
1250 3928 1356 3994 Fasci-

213 4024 330 4089 culus
314 4012 467 4109 mquis(l
471 4025 566 4107 >cum
588 4043 703 4106 sponsa
717 4025 850 4093 dilectus
859 4046 947 4095 meris
962 4029 1129 4118 michist
1082 4036 1129 4096 ιιι)
1130 4051 1165 4096 er
1176 4022 1273 4098 ubera
1285 4049 1356 4096 mea

274 4140 310 4208 (1)
333 4145 390 4205 AD
401 4147 605 4223 {longero
626 4143 661 4237 Q)
684 4147 758 4205 CEP
769 4153 843 4207 enirn
866 4158 909 4209 est
952 4151 1104 4211 Lest—
1132 4150 1166 4217 (3)
1195 4156 1228 4214 M
1239 4155 1356 4232 pul-ula

211 4231 365 4290 ciona—
387 4228 420 4297 (4)
446 4233 566 4306 Comi,
595 4230 633 4306 a,
651 4236 751 4291 2.-
780 4229 813 4298 (5)
836 4235 948 4293 BFGH
957 4235 1034 4294 fiella
1076 4236 1197 4312 Elyella
1247 4242 1356 4302 Aliala

210 4315 351 4375 Mfistula
383 4317 523 4395 Lvigellc
556 4317 784 4378 CDPviella-
794 4312 828 4382 (6)
851 4319 1021 4376 ADFGMP
1032 4321 1231 4384 Bernarde—
1253 4324 1355 4390 (unp

211 4403 305 4480 inquis
328 4404 412 4503 minc
456 4404 513 4463 ΕΜ
524 4408 608 4464 mirre
629 4405 733 4479 inquis
755 4403 887 4473 Orati,
908 4405 953 4460 12.
