3232 5130
1337 345 1379 408 63

235 485 359 561 tempus
380 475 566 542 visitacionis
589 479 621 542 et
641 476 761 559 gracie,
780 476 854 555 ,dies
876 496 969 559 quam
990 476 1063 543 fecit
1084 478 1242 558 domiuus,
1264 478 1297 543 in
1318 497 1379 560 qua

173 651 185 658 ,
237 582 373 649 melliflui
394 581 468 645 facti
490 586 563 651 sunt
584 581 663 645 celi?
684 581 727 647 Jn
748 600 810 664 qua
831 583 925 647 timor
939 583 1061 647 transiit
1073 581 1164 666 (1)iu
1179 601 1325 662 amorem,
1348 587 1380 648 et

234 686 451 753 familiaritatis
472 689 525 749 tue
546 689 637 767 grata
658 686 852 767 experienda
863 684 1005 750 fiduciam
1021 690 1141 768 prestat
1157 685 1302 767 loquendi
1314 687 1380 767 ple-

235 792 362 861 niorem.
395 789 540 871 Aperiam
561 789 656 870 igitur
677 808 712 863 os
733 808 846 870 meum,
870 794 901 854 et
920 794 1039 855 secreta
1055 808 1115 870 que
1128 794 1215 854 muto
1237 794 1385 871 tempore

234 894 268 958 in
290 893 385 959 cubili·
401 893 500 958 cordis
522 893 584 957 mei
606 893 710 958 clausa
731 897 906 984 tenueram,
939 882 995 958 tibi
1015 911 1097 956 nunc
1117 893 1270 969 reserabo.
1304 893 1380 958 Vul·
1417 877 1419 882 '

221 1005 354 1079 ‘'nusque
366 996 413 1081 (2)
426 998 539 1062 amoris
551 997 668 1061 dudum
678 997 829 1084 inclusum
841 998 1021 1077 detegamin
1030 996 1127 1061 corde
1132 996 1311 1078 languentis
1318 995 1378 1080 (3').

236 1102 284 1168 Tu
304 1103 372 1181 scis,
388 1102 635 1183 expertissimum
651 1101 775 1165 etenim
783 1097 923 1185 alloquor
935 1102 967 1164 in
983 1105 1051 1165 arte
1065 1101 1197 1180 amandi,
1211 1102 1283 1182 quia
1293 1120 1380 1166 amor

234 1207 372 1271 intensus
384 1205 432 1289 (4)
444 1206 560 1271 socium
578 1224 641 1270 non
653 1205 782 1290 patitur,
804 1223 867 1270 non
882 1206 1014 1269 sustinet
1025 1205 1243 1286 pluralitatem.
1272 1204 1380 1285 Regna
1500 1280 1506 1287 ἢ

235 1311 349 1392 quippe
371 1314 403 1374 et
423 1329 511 1374 amor
525 1310 604 1373 sicut
619 1309 700 1390 olym
715 1293 896 1387 audiuimus,
914 1309 1012 1373 socios
1024 1328 1088 1378 non
1102 1309 1179 1374 bene
1196 1300 1380 1391 conpacinn-

234 1418 295 1478 tur.
328 1413 410 1477 Nam
432 1417 464 1476 et
485 1411 736 1493 fluvinsmagnus
751 1412 899 1494 inplures
916 1412 1030 1478 divisus
1044 1413 1127 1477 rivos
1139 1411 1379 1500 (immoratur.

234 1517 285 1582 Sic
306 1522 338 1580 et
359 1535 446 1581 amor
468 1516 542 1579 dum
564 1516 662 1581 socios
685 1517 795 1597 querit,
817 1516 967 1580 minuitur
981 1520 1013 1580 et
1027 1515 1129 1580 deficit
1140 1515 1200 1600 (6).
1231 1515 1379 1580 Ounicus

234 1625 267 1685 et
287 1615 449 1700 singularis
471 1619 571 1685 cordis
593 1621 656 1683 mei
676 1615 845 1701 possessor,
869 1638 951 1684 nnnc
962 1620 1010 1683 ita
1024 1613 1059 1685 se
1072 1620 1165 1685 habet
1175 1615 1219 1684 'ad
1233 1624 1265 1683 te
1280 1619 1379 1684 cordis

232 1724 293 1788 mei
313 1725 493 1805 inpetuosus
507 1721 654 1803 affectus,
679 1728 715 1787 ut
736 1724 825 1788 unice
848 1727 880 1787 te
903 1724 1042 1804 diligens,
1065 1724 1163 1788 vicem
1183 1723 1241 1788 sibi
1253 1722 1381 1804 rependi

233 1827 396 1908 singularis
419 1825 543 1891 affectet
564 1827 698 1891 amoris..
722 1826 749 1891 0
773 1845 866 1908 quam
888 1827 1022 1908 optabile
1043 1827 1102 1892 hoc
1118 1827 1219 1891 michi
1228 1825 1276 1909 (7)
1288 1831 1379 1907 esset,

232 1935 269 1996 nt
288 1916 339 1995 me
361 1949 399 1994 ex
413 1932 537 1996 nomine
552 1948 762 2010 cognosceres
786 1931 1214 2012 cognitumqucsingulariter
1227 1931 1379 2011 diligeres,
1484 1921 1486 1926 ’

232 2053 269 2099 ac
292 2034 436 2098 dilectuun
456 2022 539 2097 inter
559 2034 793 2114 specialissimos
816 2034 930 2098 amicos
945 2034 1001 2098 tibi
1018 2035 1078 2114 ipsi
1092 2035 1231 2114 eligeres.
1262 2033 1288 2098 0
1305 2035 1380 2100 deus

189 2164 192 2169 ·
232 2155 329 2216 meus,
351 2131 470 2200 utinam
492 2136 589 2201 oculs
610 2137 774 2201 clemencie
795 2141 849 2200 tue
868 2137 1009 2216 graciose
1029 2154 1080 2200 me
1101 2130 1286 2216 respiceres
1315 2154 1381 2201 om·

232 2241 345 2322 niaque
367 2257 462 2320 opera
482 2256 552 2304 mea
574 2238 732 2318 dirigeres,
755 2244 787 2302 et
808 2237 1078 2303 familiarissimum
1099 2257 1150 2303 me
1172 2239 1305 2303 amicum
1325 2239 1381 2304 tibi

233 2362 270 2410 ac
291 2338 414 2409 servum
426 2341 474 2425 (8)
485 2340 610 2406 iaceres.
645 2341 672 2406 0
688 2360 781 2422 quam
795 2341 875 2406 letus
892 2342 1065 2422 existerem,
1080 2343 1107 2407 si
1119 2342 1177 2406 hec
1189 2342 1282 2406 michi
1293 2343 1381 2408 iuxta

232 2451 339 2513 votum
349 2446 555 2528 provenirent.
582 2445 652 2526 Ego
672 2449 755 2510 certe
770 2443 865 2526 Cresy
879 2446 1014 2525 dividas,
1027 2449 1059 2510 et
1073 2443 1209 2510 omnium
1221 2447 1380 2512 hominnm

233 2551 358 2617 delicias
381 2542 432 2614 me
453 2549 568 2614 habere
592 2550 777 2614 estimarem.
811 2549 902 2614 Nunc
920 2554 1024 2614 autem
1036 2550 1121 2631 quod
1134 2555 1166 2614 ct
1180 2552 1380 2632 cnmgemitu

233 2654 335 2721 cordis
358 2654 435 2732 dico
458 2646 490 2718 te
511 2653 611 2718 solum
633 2658 666 2716 et
686 2653 810 2717 unicum
833 2653 972 2735 diligens,
993 2654 1380 2738 conmunibus(9)amoris

231 2745 350 2839 legibus
372 2757 660 2838 cogorcontentari.
696 2756 797 2833 Queso
813 2772 919 2822 omnes
933 2757 977 2838 pii
991 2761 1144 2822 amatores
1154 2761 1277 2823 'vestm
1289 2775 1380 2824 aures
1495 2819 1498 2825 .

232 2863 359 2945 prebete
370 2862 523 2944 michique
536 2861 780 2940 condescendite,
804 2865 835 2924 et
856 2861 938 2930 inter
959 2866 1049 2926 meet
1064 2860 1289 2944 dilectam(10)
1301 2851 1380 2926 diiu-

234 2965 344 3039 dicatee
378 2964 458 3030 Ecce
480 2966 608 3031 dilectus
621 2983 718 3051 ⁸meus
741 2965 848 3045 ruricus
860 2965 1025 3030 thesaurus
1039 2965 1131 3029 michi
1145 2970 1202 3045 est,
1217 2969 1249 3030 et
1266 2966 1380 3032 amoris

233 3068 628 3150 speculumipsnm‘michi
650 3069 804 3160 constitui.
836 3067 971 3133 Facflius
993 3072 1120 3149 possent
1149 3087 1223 3134 saxa
1250 3070 1381 3150 molliri,

235 3187 328 3250 quam
349 3157 438 3235 mens
458 3189 528 3235 mea
549 3173 615 3237 eius
637 3171 676 3236 ab
697 3190 804 3261 amore
825 3172 982 3262 revocari.
1006 3171 1097 3248 Quod
1115 3171 1142 3235 si
1157 3190 1207 3236 me
1221 3173 1380 3254 dimiserit,

235 3291 293 3354 ego
304 3290 375 3337 eum
388 3292 450 3338 non
465 3274 619 3338 dimittam
631 3275 706 3343 vivit
718 3275 869 3340 dominus.
904 3275 936 3356 Si
947 3275 1097 3356 spreverit
1109 3274 1190 3358 (ll),
1214 3294 1271 3356 ego
1281 3275 1381 3342 fidelis

235 3382 268 3443 et
289 3380 433 3442 constans
452 3379 594 3442 existam.
627 3377 729 3444 Velud
749 3382 855 3457 turtur
865 3378 1004 3443 solitaria
1016 3378 1138 3457 sedebo,
1162 3373 1323 3463 quousque
1334 3380 1380 3444 di·
1473 3445 1475 3449 .

233 3481 348 3570 lectum
358 3483 561 3563 recuperabo,
577 3481 646 3564 Ego
656 3483 773 3548 nullam
783 3481 930 3562 recipiam
941 3480 1202 3560 consolacionem3
1213 3482 1384 3547 aduullum·
1403 3475 1408 3479 ’

234 3584 393 3677 intendam
415 3586 647 3652 consolatorem.
682 3587 865 3669 Qumymmo
887 3584 1031 3648 honerosi
1053 3587 1149 3667 eruunt.
1164 3583 1265 3649 michi.
1304 3585 1382 3668 lpse

235 3690 319 3755 solus
342 3693 390 3754 est
412 3707 503 3771 quem
525 3709 638 3783 quer03
662 3691 701 3772 ab
723 3690 791 3771 ipso
814 3688 881 3753 solo
903 3687 1053 3752 consolari
1074 3691 1194 3769 potero.
1229 3687 1291 3754 Pro
1312 3689 1380 3773 ipse

236 3778 651 3875 elegitsuspendinm'anima
664 3812 743 3872 mea,
760 3797 792 3856 et
805 3796 937 3857 mortem
949 3810 1019 3856 ossa
1030 3810 1100 3856 mea
1111 3791 1191 3875 (12).
1215 3793 1248 3860 Si
1260 3794 1379 3874 abierit,

300 3965 336 4035 (1)
359 3970 413 4028 DE
423 3971 524 4028 transit
544 4003 588 4012 —
610 3963 643 4032 (2)
666 3969 715 4027 FP
727 3969 840 4029 Vulnus
862 3987 992 4046 quoque3
1015 3987 1085 4030 mox
1108 3969 1216 4030 ocem
1233 3965 1333 4033 —-(3)
1355 3969 1380 4028 L

235 4057 385 4134 lagnentis
399 4090 443 4100 —
465 4052 499 4119 (4)
521 4055 845 4115 AEFJLincensu's—
866 4053 900 4120 (5)
923 4056 998 4115 CLP
1008 4059 1085 4115 rivos
1103 4056 1211 4116 divisus
1242 4055 1381 4116 Jrivulos
1483 4111 1487 4114 ,

237 4144 345 4203 diuisus
366 4178 410 4187 —
432 4139 465 4207 (⁶)
488 4143 632 4202 Hdesecit
652 4175 696 4185 —
718 4138 752 4206 (7)
775 4142 919 4205 Admichi
941 4143 997 4202 hoc
1042 4143 1102 4200 DM
1114 4144 1198 4202 michi
1227 4176 1271 4186 -
1297 4137 1332 4207 (8)
1354 4142 1380 4202 Ε

211 4237 283 4290 'me
306 4232 357 4289 tibi
378 4232 503 4291 amicum
524 4248 559 4290 ac
581 4246 695 4289 servum
740 4229 808 4288 OJP
819 4232 944 4289 amicum
960 4247 1006 4288 me
1022 4230 1072 4288 tibi
1086 4247 1122 4290 ac
1135 4248 1250 4289 servum
1292 4230 1380 4290 Dme

237 4319 361 4376 amicum
383 4335 418 4376 ac
439 4335 565 4376 servum.
576 4318 627 4375 tibi
640 4349 684 4358 —
698 4311 732 4379 (9)
756 4315 833 4390 cm>
844 4319 977 4376 omnibus
990 4349 1034 4358 —
1048 4311 1099 4379 (10)
1121 4317 1150 4375 D
1161 4319 1234 4376 inter
1246 4315 1380 4378 dilectam
1434 4373 1440 4381 ,

238 4410 268 4463 et
287 4421 334 4463 me
354 4436 399 4446 -
420 4398 472 4467 (11)
495 4403 719 4479 DJPsprenerit
732 4420 779 4462 me
811 4403 894 4464 Bme
915 4405 1108 4478 spreverit—
1129 4400 1181 4469 (12)
1194 4404 1264 4464 deb.
1287 4407 1315 4480 7,
1335 4408 1380 4464 15.
