3232 5130
374 366 435 429 128

369 499 545 567 criminibus
566 499 715 566 obnoxius
736 500 922 582 condignam
942 498 1188 567 satisfaccionem
1208 519 1266 582 pro
1282 499 1419 583 quolibet
1432 519 1527 568 mor-

369 603 426 670 tali
444 622 502 686 pro
523 602 686 669 millesima
706 608 797 685 parte
818 622 881 669 non
904 604 1096 687 explevisset,
1120 620 1213 685 quam
1227 604 1385 670 exsolvere
1398 605 1529 673 inlocia

368 707 541 791 purgatorii
561 707 771 772 iehennalibus
794 708 945 774 decedens
966 712 1148 789 cogeretur,
1175 726 1274 790 usque
1295 708 1336 773 ad
1357 708 1529 780 minimum

370 811 597 894 quadrantem?
630 810 656 876 0
679 812 770 878 nimis
791 812 885 893 longa
905 813 1017 878 misere
1045 803 1148 877 anime
1176 813 1362 895 expectacio.
1397 813 1424 879 0
1452 812 1528 879 din-

369 914 496 998 tina(l)
509 919 541 980 et
550 916 661 981 acerba
682 915 811 981 nimium
833 916 993 981 cruciacio.
1025 916 1125 982 Dolor
1137 934 1340 999 perseverans
1356 917 1529 983 etinmen·

370 1038 439 1100 sus,
467 1019 642 1102 penitencia
662 1020 788 1101 morior
810 1020 893 1085 omni
915 1020 1057 1085 terrestri
1079 1021 1226 1085 cruciatu.
1260 1021 1322 1087 Sed
1342 1021 1413 1087 uide
1435 1021 1528 1103 quod

370 1124 452 1190 hauc'
486 1142 600 1206 penam
628 1124 783 1189 levissima
811 1128 843 1190 et
872 1124 1054 1191 brevissima
1081 1123 1294 1193 satisfaccione
1330 1140 1528 1208 conpensare

370 1233 487 1312 posset,
511 1228 696 1310 quicumque
717 1227 817 1311 ipsam
840 1227 880 1292 de
900 1227 1048 1295 thesemo
1069 1229 1221 1311 passionis
1243 1229 1317 1321 agni
1341 1229 1527 1295 inmaculati

371 1334 466 1400 sciret
495 1332 652 1414 recipere..
677 1331 737 1397 Hic
764 1349 899 1414 namque
927 1332 1091 1398 thesaurus
1119 1333 1363 1415 preciosissimus
1390 1338 1527 1416 propter

372 1438 533 1504 caritatem
555 1437 721 1501 maximam
745 1454 972 1518 personamque
1001 1438 1213 1519 dignissimam
1241 1456 1278 1503 ac
1306 1438 1444 1505 dolorem
1474 1439 1527 1507 in-

372 1542 600 1613 mensissimum
622 1538 776 1606 sufficiens
799 1545 831 1604 et
852 1540 1129 1623 superhabundans
1152 1545 1253 1622 extat3
1269 1546 1309 1609 et
1329 1542 1400 1609 ideo
1416 1541 1529 1608 taliter

372 1650 479 1730 posset
499 1664 534 1711 se
554 1644 648 1710 homo
669 1645 711 1709 ad
731 1643 815 1709 hunc
835 1645 1007 1727 applicare,
1035 1648 1067 1710 et
1089 1645 1128 1710 de
1150 1646 1215 1711 eius
1237 1646 1348 1711 merito
1374 1649 1406 1711 et
1427 1647 1527 1712 satis-

373 1749 509 1821 racione
529 1753 595 1812 tam
617 1749 728 1814 devote
750 1749 791 1814 ad
818 1767 853 1815 se
875 1748 1015 1829 trahere,
1046 1751 1081 1814 ut
1109 1749 1137 1814 si
1164 1749 1249 1814 mille
1277 1751 1365 1823 anuh
1393 1750 1529 1817 deberet

373 1853 516 1946 pnrgari,
546 1852 578 1917 in
599 1853 686 1918 brevi
708 1852 747 1918 de
768 1856 835 1918 toto
856 1852 1049 1917 liberaretur.
1083 1851 1346 1920 DISCIPULUS:
1368 1854 1446 1919 Peto
1467 1873 1528 1938 my

373 1959 514 2038 domine,
543 1961 578 2022 ut
605 1975 657 2022 me
685 1957 832 2022 miserum
858 1958 1053 2039 peccatorem
1081 1975 1201 2043 summe
1229 1958 1418 2040 indigentem
1439 1956 1528 2025 hanc

373 2065 484 2129 doceas
506 2066 606 2127 artem
628 2061 838 2140 utilissimam,
868 2065 997 2143 propter
1024 2062 1195 2127 bonitatem
1223 2067 1327 2143 tuam3
1357 2063 1430 2146 quia
1458 2061 1527 2129 heu

372 2167 499 2250 propria
514 2185 583 2233 non
604 2164 761 2231 sufficiunt
781 2166 908 2245 merita,
939 2169 974 2230 ut
1002 2166 1211 2233 necessarium
1227 2167 1329 2233 -valde
1357 2153 1407 2233 sit¹
1427 2167 1527 2237 miehi

372 2272 525 2354 respicere
546 2270 587 2335 ad
609 2270 718 2334 alienu
753 2267 990 2335 SAPIENCIA:
1013 2270 1113 2336 Siris
1135 2286 1248 2354 penam
1269 2272 1440 2355 purgatorii
1452 2271 1526 2336 lon·

372 2393 445 2457 gam
466 2379 498 2440 et
520 2374 664 2445 acerbam
685 2375 718 2438 in
739 2372 952 2456 temporalem·
964 2392 1025 2457 que
1045 2374 1122 2440 levis
1144 2379 1176 2440 et
1196 2376 1298 2442 brevis
1320 2380 1369 2441 est
1394 2384 1525 2441 conniu-

373 2485 457 2560 tare,
487 2470 717 2562 hec(2)ldcere
739 2479 874 2544 studeas.
913 2477 1018 2544 Primo
1047 2480 1185 2546 omnium
1218 2480 1311 2546 debes
1334 2481 1426 2545 corde
1444 2497 1524 2545 con·

373 2588 488 2667 puncto
508 2589 542 2649 et
563 2583 676 2666 spiritu
697 2583 912 2661 contribulato,
934 2601 1005 2647 cnm
1026 2584 1144 2664 gemitu
1166 2583 1275 2663 cordis,
1303 2585 1522 2648 enormitatem

372 2693 570 2773 peccatorum
592 2693 717 2753 tuorum
738 2688 918 2768 graumsime
939 2687 1133 2770 ponderare,¹
1159 2684 1332 2751 confitendo
1354 2688 1521 2752 adversum

358 2800 406 2869 ,te
426 2793 611 2869 iniusticiam
631 2797 719 2856 tuam
741 2791 881 2871 domino,
912 2789 1102 2855 amarissime
1123 2789 1321 2871 recogitando
1343 2791 1418 2871 quid
1438 2790 1520 2855 iece-

372 2899 426 2979 ris,
449 2915 541 2979 quern
564 2895 737 2976 offenderis
761 2896 834 2977 quid
856 2914 893 2960 ve
914 2895 1073 2960 merueris.
1107 2893 1235 2959 Peccavi
1256 2893 1398 2975 inquiens
1420 2894 1519 2957 domi-

370 3018 428 3080 ue,
456 3001 582 3083 peccavi
603 3019 699 3083 super
716 3018 882 3071 numerumn
903 3000 1019 3065 harene
1039 2999 1144 3064 maris.
1177 2997 1297 3062 Deinde
1323 2997 1417 3062 debes
1438 2995 1518 3077 teip-

371 3122 441 3169 sum
469 3122 573 3170 coram
602 3104 696 3169 oculis
726 3105 825 3168 eterni
852 3104 961 3169 iudicis
989 3103 1148 3168 humiliter
1165 3098 1341 3186 'despicere
1369 3105 1401 3166 et
1426 3100 1518 3166 vilem

372 3208 525 3293 estimare,
547 3209 592 3277 ita
612 3214 649 3273 ut
672 3226 741 3273 curn
753 3208 925 3297 publicano
948 3209 1053 3274 oculos
1074 3208 1239 3274 inmundos
1261 3225 1319 3271 nec
1341 3206 1457 3271 audeas
1478 3204 1519 3268 ad

373 3311 474 3397 celum
492 3313 626 3392 levare,
643 3331 701 3378 nec
728 3312 817 3378 labiis
846 3312 972 3394 pollutis
993 3331 1108 3378 nomen
1128 3313 1206 3377 illud
1231 3312 1400 3393 gloriosum
1421 3309 1520 3375 nomi-

368 3435 465 3497 nare,
488 3417 544 3482 sed
563 3435 665 3499 neque
686 3417 819 3500 teipsum
841 3416 998 3482 hominem
1018 3416 1075 3481 sed
1096 3433 1223 3481 vermen
1244 3414 1425 3480 inmundum
1447 3413 1521 3477 esti·

374 3541 475 3605 mare,
506 3527 539 3588 et
559 3540 655 3604 opera
675 3526 731 3586 tua
751 3520 958 3588 satisfactoria
979 3520 1068 3602 quasi
1088 3520 1202 3585 nullius
1224 3519 1374 3584 momenti
1397 3519 1459 3582 sint
1470 3515 1519 3599 (3)

374 3627 571 3707 annichilare,
585 3631 626 3692 et
647 3627 691 3693 sic
712 3627 806 3693 mism
828 3630 860 3691 et
881 3624 1063 3693 miserabilis
1075 3628 1157 3687 ante
1179 3622 1261 3688 fores
1283 3623 1420 3705 gracimn
1440 3621 1521 3685 iudi-

374 3732 417 3797 cis
439 3736 610 3814 expectare,
634 3736 665 3795 et
687 3732 790 3796 dicere
811 3751 880 3796 cum
902 3730 1019 3811 gemitu
1040 3726 1193 3811 profundo
1215 3727 1316 3792 cordis
1338 3726 1401 3790 tui:
1426 3725 1521 3790 Pater

374 3855 426 3919 my
446 3826 570 3918 peccavi
590 3837 624 3901 in
646 3837 745 3900 celum
767 3840 924 3900 etcoram
950 3839 999 3913 te,
1030 3839 1061 3899 et
1087 3851 1151 3899 non
1179 3850 1250 3897 sum
1268 3831 1389 3912 -dignus
1417 3829 1521 3894 vocari

373 3939 453 4007 filius
475 3945 563 4019 tuus3
585 3939 634 4004 iac
655 3938 748 4003 michi
765 3939 844 4003 sicut
857 3938 971 4022 uni(4)
984 3957 1022 4003 ex
1038 3936 1257 4003 mercennariis
1269 3934 1317 4019 (5)
1329 3935 1400 3998 tuis.
1429 3933 1520 3997 Post·

374 4062 411 4109 ea
438 4044 583 4108 meritum
611 4042 763 4127 passionis
784 4060 853 4106 mee
875 4042 968 4107 debes
990 4061 1110 4108 summo
1134 4059 1203 4106 cum
1233 4038 1345 4104 affectu
1374 4036 1521 4103 extollere

374 4153 406 4213 et
427 4145 632 4229 magnificare,
656 4146 819 4233 cogitando
842 4147 989 4228 quoniam
1011 4146 1166 4229 apudme
1189 4142 1400 4225 copiosissima
1412 4139 1460 4224 (6)
1473 4143 1521 4204 est

439 4269 473 4337 (¹)
496 4272 723 4332 D'diuturna—
744 4268 778 4337 (²)
801 4267 1048 4335 namhoc-(³)
1072 4270 1188 4330 CPsint
1210 4269 1397 4326 momenti—
1419 4261 1453 4329 (4)
1466 4265 1518 4324 OD

375 4375 421 4418 me
442 4360 799 4432 sicutunum.'Imc.15,
820 4361 919 4420 18-19.
942 4358 1016 4437 illoc
1037 4356 1116 4418 AOP
1128 4355 1164 4417 de
1192 4387 1237 4398 -
1267 4348 1302 4418 (5)
1324 4357 1368 4413 ito
1388 4349 1521 4411 ABFHJ

373 4477 418 4488 —
440 4438 473 4508 (6)
496 4445 711 4522 ALMcopiosa
