3000 5196
170 356 235 420 228

171 512 207 561 se
228 490 422 575 deponendi,
443 494 480 557 ut
501 490 543 557 sit
563 490 715 557 malorum
737 491 960 558 conmissorum
981 491 1021 558 ab
1041 493 1117 576 ipsis
1137 494 1316 560 reconsilia-

172 596 242 663 trix.
275 597 360 662 Jtem
382 596 468 662 cordi
489 614 546 662 suo
567 594 851 662 misericordissimo
873 601 1009 678 septem,
1040 602 1076 662 ut
1104 598 1216 664 horum
1247 619 1317 665 om-

172 701 257 767 nium
280 699 558 783 condiscipulorum
570 699 663 783 (llin
684 701 793 765 mortis
814 700 945 765 artiemo
967 701 1008 766 sit
1029 701 1172 767 adiutrix.
1195 702 1238 768 Ei
1257 703 1317 769 hec

173 805 314 872 similiter
335 808 426 870 erunt
446 823 557 870 novem
579 822 636 870 ave
657 804 766 869 Maria.
799 805 884 870 Jtem
906 805 1021 871 debent
1040 807 1141 889 prima
1162 807 1317 872 dominica

173 909 289 975 mensis
300 908 349 993 (2)
362 910 494 990 augusti,
517 928 587 974 cnm
608 909 715 990 incipit
727 908 775 991 (3)
787 908 925 991 hystoria
947 909 985 974 de
1006 910 1171 991 sapiencia,
1194 915 1317 979 1111111

133 1094 136 1099 Δ
174 1014 278 1079 natale
290 1004 467 1098 (4)'domini
488 1013 562 1078 dum
583 1012 793 1096 incipiente)
805 1013 990 1095 sollempnes
1019 1015 1188 1097 antiphone
1217 1015 1244 1081 Ο
1265 1034 1317 1081 sa·

116 1110 119 1117 ’
174 1118 296 1201 pieneia
318 1123 350 1183 et
371 1122 482 1197 cetere,
506 1119 641 1200 aliquam
663 1117 837 1184 oracionem
858 1119 907 1182 vel
928 1119 1108 1183 memoriam
1133 1120 1174 1186 ad
1193 1119 1316 1185 libitum

114 1268 118 1275 -
175 1224 215 1289 de
236 1223 391 1306 sapiencia
411 1222 523 1288 lacere.
556 1222 641 1287 Jtem
663 1222 745 1288 diem
766 1223 1005 1288 circumcisionis
1028 1228 1060 1288 11
1081 1223 1266 1289 dominicam
1283 1224 1316 1289 in

177 1327 431 1410 quinquagesima
443 1326 492 1410 (6)
505 1330 537 1391 et
557 1327 689 1408 primam
711 1326 793 1391 diem
814 1327 887 1391 maii
909 1327 1023 1392 debent
1042 1328 1076 1392 in
1089 1327 1213 1410 speciali
1227 1328 1317 1393 obse·

175 1431 247 1514 quio
269 1430 392 1511 habere,
406 1431 580 1496 oracionem
590 1430 729 1496 faciendo
743 1430 792 1497 vel
805 1432 964 1496 candelam
974 1448 1134 1496 accensam
1148 1429 1316 1512 offerendo,

177 1536 227 1602 vel
247 1535 442 1617 procurando
465 1535 575 1617 quibus
596 1533 656 1599 hoc
675 1533 778 1600 iacere
799 1534 949 1600 convenit.
979 1534 1022 1599 Et
1031 1535 1106 1600 item
1117 1535 1165 1619 (7)
1176 1536 1318 1617 proxima

176 1639 253 1704 feria
274 1643 345 1720 post
367 1639 448 1703 diem
470 1639 643 1703 animarum
663 1650 721 1720 pro
744 1639 883 1704 omnibus
905 1638 963 1704 hiis
978 1638 1026 1723 (8)
1037 1639 1190 1721 sapiencie
1210 1643 1318 1705 eterne

176 1741 331 1824 discipulis
353 1741 521 1822 defunctis,
552 1747 584 1808 et
612 1762 669 1826 pro
699 1742 837 1825 ipsorum
864 1743 1002 1827 eurise)
1015 1743 1140 1808 missam
1162 1744 1318 1810 celebrare

176 1847 226 1913 vel
248 1844 368 1927 offerre,
390 1847 439 1911 vel
461 1851 585 1912 centum
606 1850 816 1928 paternoster
830 1847 941 1928 dicere,
963 1847 1132 1913 secundum
1147 1848 1319 1929 qucdtunc

176 1950 318 2032 congrunt
339 1949 434 2015 statui
455 1950 703 2033 uniuscuiusque.
937 1942 941 1949 ’

242 2054 276 2121 Si
295 2073 369 2120 vero
392 2059 496 2121 essent
517 2055 612 2137 aliqui
633 2055 710 2120 adeo
733 2054 849 2121 debiles
870 2053 1053 2136 velinfirmi,
1075 2055 1125 2121 vel
1140 2055 1319 2138 occupacio·

176 2159 266 2225 nibus
286 2159 378 2225 licitis
401 2159 506 2240 dediti,
528 2164 564 2223 ut
584 2179 642 2242 pro
665 2164 805 2241 tempore
827 2178 847 2224 a
866 2160 1013 2242 predictis
1032 2160 1253 2241 inpedirentur,
1266 2159 1319 2225 vel

176 2264 204 2331 si
225 2266 329 2330 essent
350 2268 415 2328 tam
437 2264 508 2330 duri
520 2255 630 2330 'cordis
652 2269 684 2328 11
704 2263 850 2330 secularis
873 2264 982 2344 animi,
1012 2264 1095 2346 quod
1115 2268 1245 2347 propter
1264 2282 1319 2330 eo·

179 2386 249 2434 rum
270 2368 424 2450 ignaviam
445 2369 600 2434 nescirent
620 2368 741 2450 singula
762 2372 856 2449 prout
877 2369 993 2433 dictum
1015 2372 1063 2432 est
1078 2367 1248 2449 applicare:
1272 2367 1320 2432 di·

178 2476 382 2538 cantnovem
403 2477 620 2554 paternoster
642 2492 711 2537 cum
740 2472 1019 2556 totidem(10)ave
1041 2471 1157 2553 Maria,
1186 2476 1218 2536 11
1246 2471 1321 2538 iaci-

180 2575 507 2660 ant(11)suffragium
529 2577 721 2658 predictum;
744 2579 776 2640 11
797 2575 935 2659 hee(12)
947 2574 1061 2640 iaciant
1081 2575 1134 2640 illa
1146 2576 1321 2642 intencione

177 2681 315 2764 inplicito
337 2699 398 2763 qua
420 2684 451 2745 11
473 2681 568 2746 ceteri
590 2680 740 2762 explicite,
763 2684 796 2743 11
817 2677 938 2745 sufficit.
982 2679 1015 2744 Si
1037 2680 1133 2744 eciam
1155 2679 1250 2761 aliqui
1272 2699 1322 2746 es·

179 2788 250 2852 sent
272 2784 325 2866 qui
345 2784 485 2866 predicta
506 2802 564 2849 ave
585 2783 686 2848 illaria
706 2782 820 2847 vellent
842 2787 1021 2847 conmutare
1041 2784 1074 2847 in
1095 2783 1321 2850 totidemsalve

178 2888 296 2969 regina,
320 2892 352 2953 11
373 2887 450 2952 illud
470 2891 561 2969 pater
581 2892 688 2953 noster
710 2887 793 2968 quod
813 2887 846 2951 in
860 2906 968 2952 mensa
981 2892 1054 2952 ante
1072 2889 1173 2953 cibum
1186 2887 1322 2971 proani·

179 2992 288 3058 mabus
311 2990 432 3070 dicitur,
454 2991 487 3055 in
500 2991 661 3072 psalmum
684 2990 896 3074 deprofimdis:
919 2993 997 3057 bene
1018 2990 1155 3057 facerent
1168 2992 1209 3057 ad
1222 2991 1321 3061 hono-

178 3114 246 3162 rem
266 3095 420 3177 sapiencie
442 3098 548 3160 eteme
571 3113 631 3177 que
653 3100 701 3161 est
721 3096 883 3161 benedicta
903 3096 935 3160 in
957 3096 1069 3162 secula.
1082 3096 1152 3179 (13)

244 3199 342 3265 Porro
364 3201 400 3263 ut
421 3199 462 3263 ad
482 3192 675 3283 propositum
697 3218 779 3265 nune
800 3200 960 3281 paululum
982 3201 1154 3280 redeamus
1182 3199 1323 3265 conside·

178 3322 249 3371 rare
269 3304 345 3369 libet
366 3304 450 3387 quod
471 3303 529 3368 hec
549 3322 620 3369 mea
639 3305 740 3387 inquit
762 3305 866 3369 divina
894 3305 1050 3387 sapiencia
1077 3304 1218 3386 perutilis
1248 3304 1322 3369 doc-

178 3410 277 3489 trina,
306 3408 502 3491 simplicitate
532 3408 655 3491 quidem
684 3410 834 3475 sermonis
862 3410 994 3489 inculta,
1026 3409 1080 3474 sed
1108 3425 1216 3473 revera
1237 3406 1323 3473 omni

180 3513 282 3580 fructu
303 3513 457 3597 spirituali
476 3531 604 3596 operose
618 3512 758 3593 fecunda,
781 3514 837 3578 tibi
851 3514 910 3578 erit
921 3514 1085 3578 devocione
1098 3513 1244 3594 precipua
1254 3530 1323 3577 suus·

183 3619 334 3703 cipienda.
364 3617 446 3683 Nam
467 3622 503 3682 111
523 3618 590 3701 ipse
613 3618 711 3684 cernis
734 3621 765 3683 et
786 3618 919 3699 experiri
939 3622 1038 3699 potes,
1060 3635 1117 3697 per
1138 3635 1206 3681 eam
1218 3616 1324 3681 fervor

181 3722 355 3790 devocionis
369 3723 555 3802 accenditur,
574 3722 675 3787 eudtus
690 3722 809 3787 divinus
824 3721 999 3803 ampliatur,
1013 3720 1082 3805 (14)
1093 3720 1250 3803 proximus
1260 3720 1323 3785 uti·

247 3912 283 3982 (l)
304 3915 366 3975 ΒΜ
377 3916 579 3992 discipulorum
600 3948 644 3958 -
666 3911 700 3978 (²)
723 3918 829 3975 mensis
845 3934 893 3976 om
914 3913 942 3974 A
954 3948 998 3958 —
1020 3910 1054 3980 (3)
1076 3915 1132 3974 ΕΗ
1143 3915 1210 3975 dum
1224 3916 1324 3989 incipit

181 4002 315 4065 ABcum
338 4005 470 4078 incipitur
514 4002 591 4062 CDP
604 4001 671 4060 dum
699 4003 831 4079 incipitur
857 4036 901 4046 —
928 3998 962 4066 (4)
985 4000 1149 4062 Anatolem
1192 4000 1322 4061 CGHJL

181 4091 293 4152 natales
313 4122 358 4133 -
380 4086 413 4154 (5)
435 4090 516 4149 BDE
527 4092 698 4164 incipiuntur
740 4088 948 4165 Aiucipientur
967 4123 1012 4133 —
1034 4085 1067 4154 (6)
1090 4087 1323 4166 Mquadragesi·

181 4195 294 4238 ma-
316 4172 350 4242 (7)
373 4176 422 4236 GP
434 4177 495 4236 add
514 4180 543 4235 iu
564 4207 609 4219 —-
637 4170 671 4239 (8)
693 4174 835 4251 Mhuius3
856 4195 927 4236 anca
970 4176 1049 4236 DEP
1061 4183 1157 4235 eterne
1177 4177 1321 4251 sapiencie

181 4261 368 4342 Msapiencie
388 4260 477 4328 —(9l
499 4263 562 4322 ΒΜ
573 4262 743 4323 addamicis
755 4296 798 4307 —
820 4259 871 4326 (10)
893 4263 914 4324 J
925 4265 1068 4325 tottidem:
1091 4266 1135 4320 ita
1150 4264 1322 4339 etinferius.

182 4379 226 4392 -
246 4345 297 4414 (11)
319 4350 424 4413 BCDP
435 4352 557 4428 iaciunt3
579 4367 650 4411 mou
671 4349 701 4410 H
719 4351 873 4427 sufragium
889 4383 932 4393 —
954 4346 1006 4413 (1‘2)
1030 4347 1200 4408 ACDGMP
1211 4349 1321 4409 hoe—

181 4426 234 4498 (13)
255 4434 280 4494 E
298 4437 360 4496 add
379 4436 474 4498 Amen
495 4471 539 4483 -
560 4432 612 4502 (14)
636 4437 769 4498 CDEHP
791 4437 853 4496 odd
877 4446 905 4496 et
