3232 5130
1354 347 1395 407 45

250 484 531 568 smeta(1)mater
552 480 670 549 fervida
689 480 797 562 religio
818 498 929 562 parere
951 485 983 546 et
1004 481 1132 559 nutrire,
1155 484 1188 544 et
1208 479 1249 544 ad
1270 498 1397 562 provec-

251 594 320 655 tum
340 605 439 669 usque
460 584 629 668 perducere
640 585 690 669 (t)
700 586 843 650 solebat..
862 584 924 649 Sed
946 583 1132 666 prochdolor
1152 583 1256 648 multis
1280 584 1344 646 iam
1363 585 1397 648 in

251 692 337 770 lotia,
358 690 418 779 hiis
438 688 639 770 temporibus,
662 706 698 753 ac
706 688 893 768 ··regionibns
906 688 954 770 (3)
965 687 1104 769 predicte
1127 687 1242 751 civitati
1255 705 1318 750 non
1330 706 1396 752 mo-

253 795 356 861 dicum
372 793 479 881 incipit
492 792 643 857 excidium
654 793 813 857 inminere.
845 791 966 856 Civibus
980 809 1092 872 nempe
1104 790 1152 873 (4)
1163 790 1346 872 quibusdam
1361 809 1398 855 ac

254 914 361 963 eorum
381 896 551 973 rectoribus
566 897 758 976 negligenter
771 895 818 978 (b)
831 914 865 960 se
880 894 1073 974 habentibus,
1085 899 1153 960 tota
1165 899 1321 960 structura
1334 897 1397 977 spi-

252 1002 373 1067 ritualis
395 999 506 1067 edificii
525 998 682 1065 infirmata
704 1004 752 1064 est
774 1004 805 1064 et
834 999 1081 1064 concussionibus
1109 1002 1246 1077 vastata,
1275 1003 1312 1062 ut
1338 1000 1398 1066 hoc

252 1105 408 1173 modicum
431 1105 514 1187 quod
535 1104 637 1168 adhuc
657 1108 743 1168 stare
762 1106 901 1199 putatur,
919 1102 1069 1167 continuis
1084 1101 1307 1167 defeccionibus
1327 1122 1398 1184 per-

252 1209 299 1275 ire
318 1209 468 1273 videatm.
509 1208 581 1273 lam
597 1207 678 1271 enim
692 1205 831 1288 plerique
843 1205 891 1289 (6)
903 1205 1041 1270 eiusdem
1054 1209 1160 1270 sancte
1176 1206 1331 1287 religionis
1344 1205 1399 1271 filii

253 1329 291 1377 uc
310 1311 498 1393 professores
520 1311 553 1375 in
574 1315 694 1375 tautam
715 1309 902 1391 proterviam
924 1313 1032 1373 contra
1052 1327 1125 1374 suos
1140 1310 1313 1390 superiores
1326 1329 1399 1391 pro·

252 1432 396 1496 rumpere
418 1415 484 1479 ausi
505 1418 588 1494 sunt,
612 1417 647 1477 ut
669 1430 749 1494 pene
770 1412 873 1479 nullus
895 1413 1079 1477 correccioni
1099 1413 1190 1478 locus·
1205 1418 1321 1494 pateat,
1344 1414 1400 1479 sed

253 1519 281 1583 si
292 1519 340 1602 (l)
353 1518 465 1584 delicto
487 1517 671 1582 adhibeatur
693 1517 854 1596 correccio,
876 1517 963 1598 peior
974 1515 1022 1600 (8)
1033 1516 1171 1582 scissura
1180 1515 1244 1581 fiat.
1277 1517 1400 1584 Armati

253 1622 335 1686 enim
356 1622 576 1686 subtilitatibus
590 1620 827 1703 phylosophicis,
845 1638 882 1684 ac
895 1619 1131 1701 allegationibus
1143 1621 1192 1704 (9)
1203 1621 1279 1686 iuris
1291 1638 1399 1702 super·
1485 1670 1488 1674 ‚
1572 1642 1577 1649 ’

252 1723 322 1790 fluis
344 1725 377 1789 in
398 1725 534 1789 medium
557 1724 715 1803 adductis,
739 1739 848 1788 manus
871 1724 1050 1804 corrigentis
1071 1742 1266 1807 nequaqnam
1287 1724 1399 1789 admit-

252 1833 332 1909 tunt,
354 1830 410 1895 sed
431 1830 546 1894 saltum
567 1829 649 1893 idtra
671 1829 818 1894 terminos
832 1836 918 1909 ,quos
931 1832 1102 1908 posuerunt
1113 1832 1218 1910 patres
1233 1847 1340 1894 eorum
1353 1826 1400 1893 fa-

254 1932 384 2013 cientes,
408 1933 656 1999 contentionibus
678 1932 857 2013 pericidosis
879 1932 997 2013 seipsos
1020 1936 1052 1996 ct
1073 1932 1151 1998 ulios
1170 1933 1338 1998 involvunt.
1353 1933 1400 1997 -Ο

254 2039 372 2101 certum
392 2036 539 2099 indicium
560 2035 733 2098 exterminii
746 2034 837 2099 huius
849 2033 960 2098 edificii
973 2035 1149 2116 spiritualis,
1165 2035 1191 2100 0
1207 2037 1400 2100 verissimum

253 2139 437 2220 presagium
449 2136 554 2200 future
575 2137 607 2200 in
628 2137 768 2218 proximo
789 2137 983 2217 calamitatis.
1009 2137 1117 2212 'Quam
1148 2137 1202 2200 diu
1222 2143 1314 2217 putas
1336 2139 1401 2202 edi-

254 2240 357 2305 ficium
377 2240 437 2305 hoc
458 2239 617 2320 spirituale
638 2239 754 2318 poterit
775 2242 867 2316 stare,
891 2238 1033 2303 submoto
1055 2228 1160 2318 lapide
1170 2240 1338 2320 angulari,
1369 2245 1402 2304 et

256 2344 419 2424 columpna
431 2343 459 2426 (ι
467 2342 502 2424 0)
513 2341 660 2406 subversa
674 2345 772 2411 totam
786 2345 974 2419 structuram
988 2341 1179 2421 spiritualem
1191 2348 1400 2424 conservante,

256 2466 326 2512 cum
348 2447 490 2511 videlicet
510 2450 656 2528 prompta
679 2448 710 2509 et
730 2444 854 2509 humilis
876 2444 1052 2509 obediencia
1073 2447 1211 2527 proiecta
1230 2445 1339 2535 iuuerit,
1369 2453 1402 2512 et

255 2551 465 2634 unusquisque
486 2550 546 2615 hoc
568 2550 650 2631 quod
671 2549 729 2614 sibi
743 2548 852 2630 placet
872 2548 922 2613 vel
942 2549 1018 2614 libet
1038 2547 1153 2629 fecerit,
1168 2567 1226 2614 nec
1240 2552 1402 2632 quisquam

200 2694 227 2735 χ
256 2657 359 2721 dicere
381 2654 510 2718 audeat:
535 2653 642 2749 Quare·
660 2653 704 2718 sic
724 2651 800 2717 facis
812 2652 904 2735 ((1))
924 2651 996 2717 Heu
1015 2650 1077 2719 lieu
1098 2654 1151 2718 ubi
1162 2657 1211 2718 aot
1224 2654 1403 2719 obediencia

225 2740 234 2763 ⁸
255 2760 345 2826 Pauli
366 2759 511 2840 simplicis
535 2761 567 2821 et
588 2756 783 2838 quorumdam
800 2756 1020 2838 discipulorum
1031 2757 1326 2839 probatissimorum,
1350 2759 1403 2841 qui

256 2864 389 2946 antiquis
410 2862 551 2944 patribus
572 2861 762 2943 inpossibilia
773 2861 985 2942 inperantibus
999 2861 1195 2927 devotissime
1209 2862 1403 2945 obtempera·

252 2967 398 3034 -ueruntl
410 2966 506 3032 Sileat
526 2983 608 3029 nunc
625 2965 668 3029 de
689 2963 748 3029 hoc
759 2963 843 3045 loqui
856 2965 969 3046 lingua
980 2964 1060 3049 (12),
1082 2966 1139 3031 sed
1153 2966 1265 3032 devota
1277 2972 1404 3048 gemant

258 3071 352 3136 corda
372 3071 524 3134 universa.
558 3069 667 3151 Neque
689 3068 770 3132 enim
792 3068 831 3132 de
853 3067 912 3133 hoc
930 3069 1016 3151 loqui
1026 3070 1174 3151 proderit.
1203 3070 1347 3136 Proderit
1355 3077 1403 3136 ta-

259 3175 366 3239 cuisse.
399 3173 480 3237 Nam
501 3173 579 3238 bene
600 3171 1402 3256 tacuissemhacmateriaestphylosopbatumesse.
1503 3248 1509 3255 ,

323 3276 372 3341 De
392 3281 575 3357 paupertate
597 3281 700 3340 autem
722 3275 896 3340 voluntaria
917 3295 977 3358 que
998 3277 1102 3341 nutrix
1124 3281 1156 3342 et
1172 3277 1342 3349 fomentum
1357 3283 1405 3344 est
1450 3326 1453 3331 ·

258 3381 357 3446 tocius
379 3380 548 3461 religionis,
580 3398 672 3462 quam
701 3380 827 3461 quidam
855 3385 1032 3445 sanctorum
1059 3386 1184 3462 patrum
1205 3383 1237 3446 in
1259 3389 1405 3463 sponsam

260 3485 416 3564 elegerant
426 3482 507 3567 (13),
530 3484 655 3564 quidam
677 3501 746 3548 eam
767 3483 923 3548 dominam
944 3502 1033 3548 suum
1050 3484 1255 3565 appellabant,
1279 3485 1406 3565 quidam

260 3587 358 3652 eciam
378 3606 435 3669 pro
456 3591 641 3652 testamento
664 3587 727 3652 suis
749 3585 919 3651 karissimis
941 3587 1041 3666 ipsam
1061 3586 1298 3670 legabantqrt),
1332 3588 1407 3669 quid

261 3689 383 3757 dicam?
414 3689 523 3771 Neque
552 3692 634 3755 enim
662 3692 724 3756 iam
753 3708 773 3753 a
801 3690 957 3772 plerisque
985 3693 1022 3753 ut
1050 3708 1164 3771 sponsa
1185 3695 1324 3771 amatur,
1349 3691 1405 3757 sed

259 3792 352 3860 velud
373 3793 459 3874 Agar
479 3794 590 3857 ancilla
601 3794 698 3877 Saray
709 3792 792 3859 foras
806 3792 876 3878 (15)
888 3793 1005 3873 eicitur,
1022 3793 1095 3887 dum
1111 3794 1213 3876 proles
1227 3794 1323 3876 ipsius
1333 3813 1408 3860 con-

327 3966 361 4033 (1)
383 3969 481 4029 Ladd
501 3969 609 4029 scilicet
629 4002 674 4012 -
695 3965 729 4034 (2)
753 3969 801 4030 GJ
811 3970 968 4046 producere
987 4004 1032 4014 -
1054 3965 1088 4034 (3)
1111 3970 1407 4048 ABDEGreligioni-

262 4057 317 4116 bus
344 4089 389 4099 —
418 4051 452 4121 (4)
474 4056 574 4115 BCFP
589 4073 713 4130 namque
734 4090 778 4100 -
800 4052 834 4122 (5)
857 4058 1054 4133 Bueglienter
1097 4057 1336 4135 Aneggligenter
1362 4090 1408 4103 -

263 4137 297 4206 (6)
320 4142 527 4219 Aplurimique
548 4175 593 4185 —
615 4137 650 4207 (1)
673 4144 771 4202 Badd
792 4144 828 4203 de
849 4179 893 4188 —
916 4140 950 4208 (ὅ)
972 4144 1018 4204 Ε.)
1030 4162 1120 4221 peyor
1141 4178 1185 4189 -
1207 4141 1241 4211 (9)
1263 4146 1407 4223 Aalliga-

262 4231 392 4289 cionibus
413 4262 458 4272 -
479 4225 530 4294 (10)
554 4229 754 4305 Ecollumpua
781 4264 825 4274 —
847 4227 898 4296 (11)
921 4232 993 4307 Rep.
1015 4232 1064 4304 11,
1093 4235 1146 4306 16,
1173 4234 1221 4293 10.
1241 4264 1287 4277 -·
1307 4226 1358 4297 (11)
1381 4232 1407 4291 L

261 4314 341 4392 ligna
361 4349 406 4359 —
426 4311 478 4380 (13)
500 4316 603 4376 Amul
616 4316 777 4393 elegerunt3
799 4335 869 4378 moa
890 4318 1003 4377 ABMP
1015 4317 1132 4393 quidam
1153 4320 1245 4381 oolam
1277 4318 1407 4396 unam

263 4401 380 4481 quidam
401 4405 545 4463 eciam—
567 4398 618 4467 (14)
640 4403 694 4463 DP
706 4421 771 4464 eam
792 4404 929 4482 legabaut
957 4403 1209 4482 BOlegabant—
1229 4401 1281 4472 (15)
1303 4407 1410 4467 Bloris
