3000 5196
211 346 275 410 220

210 482 320 566 phetas
342 481 505 554 constituo.
535 479 743 559 Quamobrem
771 482 804 544 et
831 478 865 543 in
884 479 1022 562 presenti
1043 497 1126 544 nunc
1146 460 1269 562 quoque
1288 477 1359 561 pie·

209 588 284 652 tatis
306 587 439 669 quedam
461 603 557 668 opera
577 602 615 650 ac
635 583 811 649 dileccionis
834 587 988 649 consueta
1007 585 1084 650 satis
1107 584 1264 662 exercicia,
1286 582 1359 664 qui-

210 691 269 756 bus
290 708 310 754 a
329 690 434 755 multis
456 690 647 755 diversorum
667 687 822 770 paduam
837 706 874 753 ac
888 692 1025 753 statuum
1038 683 1212 754 hominibus
1223 688 1359 769 despon-

210 795 341 860 sacionis
363 793 453 858 huius
475 797 583 859 eterna
596 793 679 858 salus
695 792 898 857 diversimode
911 792 1149 874 comparticipari
1169 792 1276 874 possit,
1297 791 1360 856 tibi

209 898 360 964 indicabo.
394 898 552 979 Simulque
574 897 706 979 qualiter
728 915 816 961 amor
836 914 934 961 meus.
951 896 1065 977 iugiter
1088 897 1232 962 renovari
1252 895 1359 960 valeat

211 1003 438 1068 demonstrabo.
467 1003 610 1068 Adiciens
623 999 897 1085 (l)nichilominus
920 1000 1003 1082 quod
1025 1000 1068 1064 hii
1091 1001 1144 1083 qui
1158 1001 1358 1065 eiusdemsa·

94 1131 96 1142 ¹
210 1107 329 1190 piencie
350 1106 490 1172 doctrine
511 1123 604 1188 super
616 1104 664 1189 (2)
676 1103 797 1169 firmam
819 1108 940 1186 petram
961 1104 1116 1169 katholico
1137 1109 1170 1169 et
1187 1103 1359 1186 apostolice

209 1211 348 1277 veritatis
374 1209 503 1276 fundate
533 1211 691 1275 extiterint
720 1210 824 1275 devoti
840 1208 888 1295 (3)
903 1209 1100 1292 ymitatores,
1131 1208 1359 1274 benediccionis

211 1333 339 1397 quoque
354 1315 451 1397 ipsius
473 1333 533 1397 que
553 1333 611 1397 per
631 1332 737 1381 semen
759 1312 857 1378 fidehs
879 1313 1003 1379 Abrahe
1031 1313 1221 1396 repromissa
1247 1318 1295 1378 ast
1321 1312 1357 1377 in

212 1418 314 1485 Gristo
336 1418 433 1486 Jhosu
455 1424 546 1485 erunt
567 1420 600 1484 in
621 1419 843 1500 sempiternum
863 1417 1028 1483 heredes.»

276 1523 379 1605 Jgitur
400 1524 583 1606 quicumque
605 1524 761 1589 desiderat
775 1528 880 1587 eterne
894 1522 1048 1604 sapiencie
1064 1521 1202 1586 amabilis
1215 1517 1282 1609 fieri
1292 1519 1358 1586 dis·

212 1626 346 1708 cipulus,
378 1627 596 1709 cuiuscumque
618 1626 805 1693 condicionis
826 1628 868 1692 sit
888 1627 937 1691 vel
950 1630 1075 1704 status,
1107 1629 1161 1689 aut
1186 1642 1278 1689 sexus
1298 1641 1359 1688 seu

212 1729 328 1795 ordinis
349 1735 405 1795 aut
426 1733 522 1796 eciam
543 1732 716 1813 religionis:
739 1732 839 1797 debet
854 1731 1016 1812 diligenter
1038 1747 1163 1805 servare
1185 1748 1222 1794 ea
1235 1745 1357 1810 quesc-

213 1838 323 1899 crmtar
335 1833 393 1918 (t),
416 1853 476 1917 que
498 1835 543 1900 sic
563 1840 636 1900 sunt
656 1839 845 1918 temperata,
868 1832 903 1899 ut
924 1834 1017 1900 nichil
1038 1832 1228 1898 difficultatis
1249 1833 1357 1915 inpor-

211 1941 289 2018 tant,
312 1941 344 2002 et
355 1937 403 2022 (5)
414 1939 542 2021 quilibet
563 1939 662 2021 possit
684 1958 723 2004 ea
742 1939 845 2004 facere
858 1940 925 2005 sine
939 1937 1202 2020 omnipreiudicio
1214 1954 1357 2018 suepro-

211 2040 351 2114 fessionis
373 2045 405 2106 et
426 2046 536 2108 status.
570 2043 727 2125 Siquidem
749 2044 853 2108 didna
874 2043 1029 2126 sapiencia
1057 2061 1123 2107 non·
1145 2040 1278 2105 intendit
1297 2058 1357 2123 per

211 2144 279 2211 ista
293 2149 430 2212 statuam
451 2147 586 2229 aliquam
608 2147 838 2229 obligationem,
860 2148 910 2212 vel
925 2146 1157 2230 professionem,
1180 2148 1234 2210 aut
1247 2145 1356 2210 astric-

213 2251 331 2316 cionem
353 2251 622 2334 qualemcumque,
651 2253 707 2317 sed
728 2253 828 2322 solum
850 2253 1006 2334 quandam
1027 2269 1139 2322 novam
1160 2234 1356 2315 dormitantis

214 2355 389 2421 devocionis
411 2361 615 2438 spontaneam
642 2357 876 2421 excitacionem:
906 2357 938 2420 in
966 2374 1028 2439 qua
1058 2357 1111 2438 qui
1132 2372 1166 2420 se
1187 2355 1357 2420 exercitare

211 2459 351 2540 voluerit,
373 2460 546 2526 benefacit
568 2464 600 2525 et
619 2461 830 2539 laudabiliter3
853 2461 907 2543 qui
924 2465 1029 2527 autem
1045 2460 1179 2526 hocnon
1191 2459 1274 2538 facit,
1295 2476 1355 2539 pro

210 2567 299 2629 tanto
320 2582 383 2629 non
403 2570 511 2646 peccat
538 2564 655 2649 nec(6)
668 2565 826 2646 delinquit.
859 2565 942 2632 Ante
972 2565 1075 2630 omnia
1102 2564 1197 2645 igitur
1226 2560 1355 2648 quilibet

211 2668 364 2750 sapiencie
375 2668 540 2752 discipulus
552 2670 792 2735 debetamorem
800 2669 957 2734 carnalem
968 2669 995 2734 si
1005 2668 1099 2734 habet
1106 2665 1306 2748 rchnquere(
1326 2663 1353 2747 ),

212 2776 245 2836 et
264 2772 364 2855 ipsam
385 2773 556 2854 preclaram
579 2778 779 2856 eternamque
800 2774 987 2855 sapienciam
1010 2773 1144 2838 divinam
1165 2760 1353 2854 insponsam

211 2876 270 2942 sibi
290 2894 447 2941 assumere
468 2880 500 2940 et
521 2878 661 2942 amicam.
689 2878 783 2956 Quod
803 2878 831 2942 si
851 2877 991 2957 fortassis
1015 2877 1168 2959 quispiam
1179 2875 1260 2941 adeo
1274 2875 1352 2956 liga-

81 2986 84 2992 ’
211 2981 263 3043 tus
284 2984 367 3045 esset
387 2998 444 3061 per
465 2998 601 3046 amorem
624 2982 757 3064 ahquem
778 2982 943 3065 privatum,
967 2981 1050 3063 quod
1072 2981 1131 3046 sibi
1152 2982 1287 3063 ipsitam
1299 2996 1353 3044 su·

210 3081 275 3148 bito
296 3083 358 3148 vim
379 3082 507 3165 inferre,
537 3103 682 3168 asperum
703 3087 856 3152 iudicaret
874 3103 942 3151 esse
963 3103 1000 3150 ac
1022 3085 1113 3150 nimis
1135 3084 1264 3149 durum:
1279 3083 1355 3149 ‘sal-

210 3192 275 3251 tem
295 3186 410 3253 bonum
431 3189 544 3256 habeat
565 3191 768 3272 propositum,
789 3195 826 3255 ut
848 3191 886 3254 ab
908 3189 967 3254 hoc
989 3207 1094 3254 amore
1103 3189 1212 3254 nocivo
1229 3206 1263 3254 se
1279 3187 1355 3253 velit

211 3290 399 3373 abstrahere,
423 3313 492 3359 cum
513 3295 701 3360 adiutorium
723 3296 860 3361 divinum
871 3295 1030 3360 occasione
1046 3294 1150 3375 aliqua
1160 3293 1285 3357 inventa
1295 3291 1357 3357 sibi

212 3397 344 3462 senserit
365 3395 529 3464 efficaciter
550 3400 696 3466 arndere.
731 3399 909 3464 Hiiautem
932 3399 985 3481 qui
1006 3403 1130 3462 terreno
1146 3414 1251 3462 amore
1264 3395 1355 3477 ligati

212 3520 275 3567 non
296 3506 378 3582 sunt,
401 3503 456 3568 sed
478 3503 554 3569 elias
576 3504 696 3569 desides
720 3503 781 3568 huc
801 3521 901 3585 usque
921 3522 959 3568 ac
980 3502 1077 3586 tepidi
1087 3505 1184 3583 'atque
1197 3499 1354 3581 negligen-

211 3609 260 3672 tes
282 3608 347 3672 eius
375 3607 408 3672 in
437 3626 542 3674 amore
570 3607 711 3674 suerunt:
742 3608 855 3673 debent
882 3605 963 3671 hanc
991 3606 1181 3688 spiritualem
1209 3622 1354 3686 sponsam

213 3711 301 3792 quasi
322 3711 362 3776 de
383 3731 462 3778 novo
486 3714 691 3795 desponsare,
721 3716 754 3776 et
780 3730 814 3777 se
835 3713 867 3775 in
890 3712 955 3776 eius
976 3729 1083 3776 amore
1103 3713 1245 3775 recenter
1263 3726 1354 3773 reno-

211 3833 302 3895 vare,
332 3815 387 3897 pio.
414 3817 547 3898 quodam
577 3816 750 3881 devocionis
779 3814 900 3881 affectu.
934 3814 1003 3880 Hoc
1032 3818 1135 3879 autem
1160 3814 1205 3878 sic
1226 3812 1353 3876 dicimus

213 3937 282 3986 esse
293 3918 476 4000 laciendum,
493 3924 534 3984 *ut
555 3919 655 3984 eidem
678 3920 727 3984 cui
743 3920 829 4001 prius
846 3921 962 3986 servire
974 3919 1114 3985 solebant
1126 3922 1285 3999 tamquam
1299 3915 1353 3980 do·

214 4024 298 4089 mino
318 4041 376 4106 per
396 4024 549 4105 thuorem,
571 4024 629 4090 sibi
650 4041 732 4088 nunc
752 4025 870 4106 pariter
891 4008 1036 4091 studeant
1055 4025 1178 4107 placere
1200 4026 1232 4086 et
1260 4019 1353 4085 adhe-

213 4144 283 4193 rere
304 4131 463 4210 tamquam
485 4129 660 4196 dulcissime
681 4146 794 4211 sponse
814 4146 872 4212 per
893 4127 1085 4212 spiritualem
1099 4133 1131 4193 et
1143 4120 1351 4209 intensum(8)

280 4246 314 4314 (1)
337 4251 390 4312 OG
411 4251 567 4315 Addioiens
588 4288 632 4304 ·-
653 4249 690 4319 (²)
708 4253 762 4328 DJ
774 4271 914 4329 supra-«-
936 4247 970 4317 (3)
993 4253 1066 4319 CEP
1078 4252 1235 4312 devote-
1254 4245 1289 4313 (4)
1310 4253 1353 4308 tta

213 4333 323 4395 AEHL
344 4370 388 4381 -
410 4333 443 4403 (⁵)
465 4342 568 4402 Dadd
588 4341 665 4418 quod
686 4375 729 4386 -
752 4337 786 4405 (6)
807 4341 835 4399 Ι)
848 4347 898 4400 aaut
925 4373 969 4384 -
991 4335 1024 4402 (7)
1047 4339 1075 4396 D
1088 4337 1283 4414 derelinquere
1309 4367 1353 4378 —

214 4415 249 4485 (8)
270 4419 455 4485 Aiuoeosum
1379 4436 1384 4441 ·
