3232 5130
414 357 475 419 142

410 490 630 558 consolacionis
650 493 706 555 tue
726 488 859 557 saciatus
880 488 939 555 sim
950 487 1010 573 (1),
1032 486 1081 553 'ln
1100 486 1257 570 piauosti,
1280 504 1340 569 que
1352 486 1463 553 misero
1475 505 1556 569 pec-

413 595 510 664 catori
530 595 668 661 remedia
688 594 796 660 salutis
817 584 893 658 talia'
913 593 1077 659 contulisti.
1110 593 1178 676 Eya
1192 611 1265 674 ergo
1279 592 1429 658 advocata
1440 595 1558 656 nostra

413 704 513 780 surge·
525 699 587 780 pia,
608 715 701 780 surge
722 697 868 780 propicia,
891 701 1035 764 converte
1054 697 1124 763 illos
1135 700 1207 763 tuos
1219 696 1432 762 misericordes
1443 695 1557 761 oculos

412 804 453 869 ad
474 822 541 883 nos,
563 806 596 866 et
615 802 704 884 placa
723 805 812 866 tuum
833 801 1024 883 unigenitum
1046 819 1065 866 a
1085 800 1174 867 nobis
1183 800 1301 866 tociens
1312 799 1469 866 offensum.
1500 798 1558 863 Tu

411 922 545 989 numque
566 924 599 971 es
620 923 744 971 reorum
755 904 804 989 (2)
815 904 981 985 advocata;
1009 905 1079 970 ideo
1106 905 1218 970 accede
1246 905 1388 987 propius,
1418 907 1450 966 et
1475 905 1559 984 pete

411 1030 468 1096 pro
490 1010 577 1076 nobis
599 1027 775 1091 quesumus.
808 1008 909 1075 Niohil
920 1009 968 1092 (3)
981 1010 1062 1074 enim
1082 1009 1138 1075 tibi
1166 1026 1280 1091 negare
1307 1009 1438 1091 poten‘t,
1467 1003 1556 1072 filius

411 1115 567 1197 gratiosus
588 1114 644 1178 tibi
658 1113 804 1179 dilectus.
841 1113 868 1178 Ο
890 1118 998 1178 eterna
1016 1113 1114 1197 patris
1136 1114 1299 1195 sapiencia,
1322 1130 1392 1177 ecoe
1412 1110 1557 1176 nuncin

410 1219 615 1301 patrocinium
636 1236 739 1282 meum
760 1235 864 1284 coram
884 1218 1056 1284 teadduco
1077 1217 1162 1283 illam
1177 1221 1263 1282 tuam
1277 1220 1408 1281 matrem
1420 1213 1467 1299 (4)
1481 1214 1557 1279 dul·

410 1322 580 1402 cissimam,
610 1322 667 1388 tibi
688 1340 757 1387 eam
778 1326 975 1404 presentans,
1004 1339 1054 1386 me
1074 1325 1147 1404 post
1166 1325 1289 1403 tergum
1310 1338 1400 1386 suum
1414 1320 1557 1384 abscon·

411 1425 497 1506 dens,
520 1425 624 1490 oculos
645 1444 708 1491 nou
730 1425 847 1491 audens
867 1426 971 1492 levare
992 1430 1064 1491 aute
1084 1425 1193 1491 taciem
1214 1425 1311 1508 glorie
1332 1428 1400 1505 tue,
1423 1441 1480 1505 per
1502 1423 1556 1506 ip-

411 1547 478 1596 sam
505 1530 630 1612 cupiens
660 1530 806 1595 exaudiri.
841 1529 954 1612 ·Jpsam
982 1548 1076 1612 queso
1105 1529 1239 1610 honora,
1265 1529 1365 1611 ipsam
1391 1545 1554 1593 venerare.

411 1632 551 1712 Qualiter
572 1650 642 1698 oum
660 1635 875 1700 conveniensis
887 1634 982 1699 talem
995 1638 1126 1699 matrem
1139 1633 1255 1716 poteris
1268 1631 1438 1715 repellere?
1459 1631 1557 1710 Quod

411 1738 440 1804 si
460 1737 557 1803 eciam
577 1738 721 1804 millesies
734 1738 768 1803 in
781 1739 831 1803 die
842 1739 1013 1819 accesserit,
1024 1737 1180 1820 repulsam
1190 1755 1253 1802 non
1263 1736 1396 1802 habebit.
1428 1736 1556 1802 Exaudi

411 1842 523 1908 exaudi
543 1861 595 1908 me
616 1843 738 1907 domine
758 1846 887 1926 propter
907 1847 994 1907 tuam
1014 1842 1184 1908 bonitatem
1205 1846 1239 1906 et
1251 1842 1358 1906 matris
1371 1844 1425 1905 tue
1438 1840 1555 1906 dilecte

406 1947 599 2028 singularem
619 1946 778 2013 honorem.
811 1947 892 2012 Nam
913 1947 1046 2013 sicutte
1068 1946 1173 2012 celesti
1193 1947 1275 2029 patri
1296 1964 1333 2010 ac
1349 1945 1481 2027 genitori
1493 1949 1553 2011 tuo

412 2050 597 2117 advocatum
618 2050 763 2132 exhibeo,
785 2051 829 2117 sio
850 2051 907 2117 tibi
927 2051 1071 2116 dilectam
1091 2055 1222 2115 matrem
1244 2055 1280 2114 ut
1300 2068 1402 2115 meam
1421 2036 1568 2127 exhibeo

412 2155 644 2235 auxiliatricem,
665 2160 702 2220 ut
722 2154 924 2238 inperfectum
945 2174 1048 2221 meum
1063 2155 1127 2221 eius
1141 2154 1285 2237 suppleat
1297 2158 1385 2235 grate
1397 2157 1429 2217 et
1442 2171 1555 2236 00000-

410 2259 512 2324 tabilis
533 2260 691 2341 presencie
712 2260 901 2341 magnitudo.
934 2259 1024 2324 Nunc
1044 2259 1138 2341 igitur
1150 2258 1198 2342 (5)
1210 2277 1228 2324 o
1242 2258 1382 2340 preclara
1395 2257 1556 2339 sapiencia

411 2354 537 2427 attende
558 2367 690 2428 matrem
710 2365 884 2445 gloriosam.
917 2363 1048 2446 Respice
1070 2363 1173 2429 oculos
1200 2362 1291 2429 huius
1314 2362 1488 2428 dulcmsime
1498 2362 1553 2446 (6)

411 2467 519 2532 matris
540 2485 645 2533 eoram
666 2472 698 2532 te
718 2487 776 2550 pro
797 2468 885 2534 nobis
906 2468 1129 2551 interpellantis
1141 2466 1200 2551 (7),
1223 2467 1332 2548 quibus
1353 2471 1386 2532 tc
1406 2469 1552 2533 materno

367 2620 375 2625 .
410 2571 443 2635 in
463 2572 580 2652 gremio
602 2576 726 2654 gestans
747 2577 812 2637 tam
833 2573 953 2655 placide
973 2574 1166 2639 intuebatur:
1189 2571 1292 2637 Genus
1314 2571 1379 2636 eius
1393 2589 1482 2636 roseo
1496 2587 1554 2636 co-

409 2668 476 2742 lo're
496 2674 645 2758 pertusas,
670 2676 779 2758 quibus
800 2674 910 2742 faciem
932 2681 1018 2742 tuam
1036 2677 1197 2743 delicatam
1210 2678 1351 2741 materno
1365 2673 1476 2739 affectu
1490 2674 1554 2740 sibi

410 2780 547 2845 sudavit.
580 2778 647 2842 th
659 2779 706 2863 (8)
718 2798 811 2861 quam
832 2779 931 2846 selcia
951 2781 1033 2847 labia
1054 2782 1136 2862 eius,
1159 2779 1269 2862 quibus
1291 2798 1325 2845 os
1346 2782 1434 2843 tuum
1454 2779 1554 2842 bene-

411 2883 536 2962 dictum,
559 2882 663 2947 oculos
685 2882 882 2965 p'retulgidos,
905 2903 941 2950 ao
962 2886 1098 2967 singulos
1120 2901 1257 2968 quosque
1281 2883 1483 2949 nobilissimos
1496 2899 1553 2946 ar-

410 2989 461 3050 tus
483 2986 665 3051 creberrime
686 2987 881 3068 perosoulata
902 2988 968 3069 furit,
990 2989 1104 3055 blanda
1124 2989 1254 3054 miscens
1266 2987 1421 3051 interdum
1443 2985 1552 3051 oscula

410 3089 520 3155 verbis.
554 3088 652 3154 Cerne
673 3109 782 3183 manus
804 3091 860 3157 has
883 3111 942 3174 que
964 3093 1020 3158 tibi
1039 3093 1299 3171 ministraverunt,
1321 3091 1417 3156 ubera
1435 3090 1551 3155 duleis-

410 3194 489 3259 sima
510 3213 547 3259 ac
566 3194 740 3261 selemsima
760 3214 822 3278 que
842 3201 875 3261 te
892 3197 1093 3263 lactaverumt.
1127 3197 1303 3279 Opiissima
1315 3196 1453 3275 dulcedo,
1476 3212 1551 3260 eece

410 3297 488 3379 phas
509 3317 572 3363 nou
594 3303 643 3363 est
663 3303 699 3363 ut
719 3299 776 3365 heo
796 3301 960 3382 inspiciens
983 3306 1014 3366 et
1034 3318 1243 3366 rememorans
1265 3303 1352 3364 tante
1366 3299 1493 3364 matria
1513 3302 1551 3363 te

411 3402 577 3484 quidquam
598 3408 729 3485 uegetum
741 3401 789 3487 (9)
802 3423 861 3486 que
882 3409 914 3470 te
936 3406 1094 3470 dominum
1115 3404 1172 3470 oeli
1199 3404 1306 3486 genuit
1325 3403 1452 3468 lactavit
1470 3401 1549 3469 fovit

411 3510 443 3570 et
463 3506 504 3571 ad
524 3507 714 3572 incrementa
735 3528 833 3591 usque
853 3508 1088 3592 perduxit(10).
1121 3509 1328 3574 Reminiscere
1357 3526 1451 3589 queso
1480 3525 1548 3572 om-

410 3611 494 3675 nium
519 3611 716 3677 serviciorum
745 3617 777 3678 et
805 3613 1029 3679 exhibiciouum
1057 3630 1117 3695 que
1144 3613 1205 3678 tuis
1232 3611 1346 3695 in(11)
1357 3611 1546 3677 infantilibus

410 3714 498 3778 annis
522 3715 561 3778 ab
579 3733 620 3778 ea
640 3716 792 3797 recepisti,
817 3709 887 3782 eum
908 3722 940 3781 te
961 3718 993 3780 iu
1013 3717 1130 3798 gremio
1151 3715 1299 3781 infantem
1313 3715 1477 3780 delicatum
1497 3719 1547 3779 te·

409 3835 496 3896 nens‚
519 3817 630 3883 ocellos
642 3818 711 3902 (12)
722 3819 858 3884 ridentes
880 3820 921 3884 ad
941 3820 1148 3891 blandientem
1169 3820 1225 3885 tibi
1238 3825 1369 3884 matrem
1382 3818 1543 3898 retorsisti,

410 3925 443 3985 et
461 3920 593 3986 brachiis
616 3921 837 3987 delicatissimis
858 3922 914 3988 tibi
935 3924 1121 3995 arridentem
1136 3908 1326 4008 amplexatus
1340 3923 1438 4003 fuisti,
1461 3941 1544 3987 eam·

411 4043 470 4108 que
490 4042 547 4107 pre
569 4025 685 4091 cunetis
707 4020 877 4091 tenerrime
893 4027 1033 4093 dilexisti.
1068 4030 1272 4112 Omniumque
1291 4029 1431 4094 dolorum
1442 4045 1545 4093 recor·

476 4161 510 4230 (l)
532 4167 717 4226 DPsum—
738 4163 773 4228 (2)
796 4167 844 4228 OP
854 4162 966 4228 reorum
989 4188 1074 4230 es—
1095 4166 1128 4237 (3)
1152 4171 1278 4231 CHodcl
1297 4175 1321 4230 is
1334 4204 1378 4214 -
1399 4168 1433 4235 (4)
1455 4170 1544 4230 BDM

410 4258 529 4312 matrem
551 4260 646 4330 tuam3
674 4273 745 4316 mox
772 4255 1027 4317 Ldilcctissimam
1053 4252 1107 4301 -’-’
1126 4254 1159 4323 (5)
1187 4258 1361 4335 BcJPergo
1389 4293 1434 4302 -
1455 4254 1489 4323 (6)
1517 4256 1543 4315 L

410 4336 590 4400 dilectissime
610 4373 654 4385 -
675 4336 709 4406 (7)
731 4342 964 4404 Lintercedentia
983 4377 1028 4388 -
1048 4340 1129 4410 (8)·Β
1151 4344 1197 4405 Ac
1213 4378 1258 4388 —
1279 4339 1313 4409 (9)
1335 4344 1544 4424 Lnegatur—

410 4418 463 4488 (¹⁰)
484 4423 677 4501 Ileroduxtt
694 4460 740 4474 -
760 4424 812 4494 (ll)
834 4431 899 4490 Bia
920 4433 977 4491 tuis
1019 4430 1214 4492 AFGJPtuis
1227 4465 1270 4474 -
1291 4426 1343 4498 (1²)
1365 4431 1543 4494 Eloccellos
